1543 2449
179 118 226 153 46
451 116 747 155 SALLUSTII
779 115 1085 153 JUGURTHA.

177 206 248 248 ret,
282 202 341 238 uti
369 215 449 239 sese
482 202 608 238 victus
644 204 804 249 gereret,
842 201 1085 250 exploratum
1122 198 1237 235 misit.
1295 197 1354 234 At

177 267 242 303 ille
262 279 342 303 sese
362 267 403 302 in
425 266 509 302 loca
534 266 704 301 saltuosa
729 269 768 301 et
793 269 934 301 natura
958 265 1110 301 munita
1134 268 1332 313 receperat
1344 277 1354 310 3

177 330 307 378 ibique
326 330 486 378 cogebat
503 329 716 365 exercitum
731 341 891 365 numero
902 328 1101 365 hominum
1116 329 1352 376 ampliorem,

178 395 244 431 sed
263 395 439 430 hebetem
459 393 744 442 infirmumque,
768 393 850 441 agri
869 406 913 429 ac
932 393 1079 442 pecoris
1097 393 1219 441 magis
1238 405 1353 441 quam

177 458 269 493 belli
289 457 484 493 cultorem.
544 456 592 492 Id
612 469 657 493 ea
683 457 810 505 gratia
837 457 1051 501 eveniebat,
1072 456 1174 505 quod
1201 460 1355 505 praeter

177 522 301 570 regios
337 521 486 569 equites
521 534 634 558 nemo
671 521 839 557 omnium
879 521 1140 557 Numidarum
1177 533 1226 556 ex
1262 520 1355 568 fuga

178 597 304 632 regem
325 585 521 633 sequitur3
550 597 626 633 quo
658 584 843 632 cujusque
871 584 1023 620 animus
1051 583 1140 629 fert,
1161 596 1206 619 eo
1238 583 1353 619 disce-

178 646 277 682 dunt
289 660 299 693 3
327 659 451 695 neque
466 647 505 683 id
518 647 708 696 flagitium
721 647 883 684 militiae
898 648 1055 683 ducitur
1067 661 1077 694 3
1106 647 1162 683 ita
1177 659 1215 683 se
1230 659 1354 683 mores

178 710 330 746 habent.
390 711 518 759 Igitur
546 711 731 748 Metellus
759 711 827 747 ubi
853 711 962 747 videt
989 711 1088 760 regis
1120 711 1237 747 etiam
1269 714 1353 746 tum

177 774 349 810 animum
369 775 534 811 ferocem
560 788 641 812 esse
648 789 658 822 3
686 775 831 812 bellum
858 775 1048 818 renovari,
1069 775 1171 824 quod
1203 774 1279 810 nisi
1306 787 1355 810 ex

177 836 282 874 illius
301 839 475 875 lubidine
493 839 574 888 geri
593 853 671 875 non
690 844 842 888 posset3
870 844 1069 888 praeterea
1083 839 1260 888 iniquum
1280 852 1356 875 cer-

177 905 308 937 tamen
322 902 396 938 sibi
415 915 502 939 cum
521 903 708 949 hostibus,
724 903 872 939 minore
887 903 1119 939 detrimento
1138 903 1225 938 illos
1237 902 1352 947 vinci,

177 980 292 1015 quam
322 980 411 1004 suos
439 967 616 1014 vincere3
645 968 785 1004 statuit
816 981 895 1004 non
925 968 1081 1017 proeliis
1109 979 1232 1015 neque
1260 967 1352 1011 acie,

177 1032 243 1068 sed
263 1032 338 1068 alio
357 1045 462 1069 more
481 1033 625 1069 bellum
645 1033 864 1081 gerendum.
924 1032 1064 1081 Itaque
1083 1032 1125 1068 in
1144 1031 1354 1068 Numidiae

176 1095 260 1131 loca
278 1096 570 1144 opulentissima
588 1097 726 1145 pergit,
747 1109 857 1145 agros
878 1100 1016 1141 vastat,
1045 1096 1170 1132 multa
1198 1096 1355 1132 castella

177 1164 216 1195 et
235 1160 376 1208 oppida
394 1164 538 1197 temere
557 1160 709 1196 munita
736 1165 805 1196 aut
832 1161 914 1197 sine
946 1160 1137 1210 praesidio
1169 1159 1274 1208 capit
1300 1159 1355 1194 in-
1397 1201 1401 1205 .

177 1224 382 1272 cenditque
395 1237 405 1270 3
433 1225 597 1272 puberes
616 1224 782 1260 interfici
797 1225 920 1272 jubet,
942 1225 1019 1261 alia
1037 1224 1166 1260 omnia
1184 1224 1353 1259 militum

176 1287 357 1336 praedam
378 1300 467 1323 esse.
527 1288 585 1324 Ea
603 1288 811 1324 formidine
829 1289 945 1324 multi
964 1288 1146 1324 mortales
1167 1287 1355 1324 Romanis

176 1350 298 1386 dediti
326 1351 476 1387 obsides
489 1365 499 1398 3
527 1351 767 1388 frumentum
796 1355 836 1388 et
863 1352 950 1398 alia,
971 1365 1068 1401 quae
1098 1351 1186 1388 usui
1213 1351 1353 1396 forent,

175 1415 338 1451 adfatim
351 1416 526 1464 praebita
534 1429 543 1463 3
564 1416 796 1465 ubicumque
807 1429 868 1453 res
880 1417 1112 1466 postulabat,
1120 1416 1354 1465 praesidium

176 1479 407 1527 impositum.
459 1480 566 1524 Quae
585 1481 740 1529 negotia
758 1481 882 1517 multo
896 1481 1017 1529 magis
1032 1493 1147 1529 quam
1166 1481 1353 1529 proelium

175 1544 274 1580 male
293 1548 508 1593 pugnatum
528 1545 577 1581 ab
605 1545 684 1581 suis
711 1558 839 1593 regem
868 1546 1089 1591 terrebant3
1118 1545 1271 1594 quippe,
1293 1545 1355 1581 cui

176 1621 260 1657 spes
290 1609 414 1644 omnis
447 1609 488 1644 in
518 1609 611 1657 fuga
641 1609 716 1645 sita
743 1613 838 1655 erat,
859 1609 968 1658 sequi
991 1610 1209 1657 cogebatur,
1230 1614 1270 1646 et
1288 1610 1355 1659 qui

175 1684 244 1706 sua
263 1671 346 1707 loca
365 1671 571 1708 defendere
590 1672 829 1721 nequiverat,
845 1673 887 1708 in
905 1672 1041 1708 alienis
1053 1673 1196 1708 bellum
1211 1685 1350 1720 gerere.

175 1735 321 1771 Tamen
348 1748 396 1772 ex
425 1736 534 1784 copia
562 1736 664 1784 quod
692 1737 882 1785 optimum
910 1737 1116 1773 videbatur
1152 1737 1353 1773 consilium

176 1798 302 1846 capit3
330 1799 543 1834 exercitum
575 1800 802 1848 plerumque
831 1800 873 1835 in
902 1800 1037 1836 iisdem
1066 1799 1159 1836 locis
1187 1800 1353 1848 opperiri

171 1861 295 1908 jubet,
316 1862 397 1910 ipse
417 1873 504 1898 cum
524 1863 682 1900 delectis
702 1863 897 1912 equitibus
923 1863 1128 1900 Metellum
1156 1863 1353 1912 sequitur3

176 1926 376 1963 nocturnis
396 1931 436 1963 et
454 1927 553 1964 aviis
572 1928 779 1965 itineribus
798 1928 998 1977 ignoratus
1014 1928 1210 1965 Romanos
1224 1928 1353 1977 palan-

175 1993 233 2025 tes
261 1994 419 2039 repente
439 1991 673 2040 adgreditur.
732 1992 878 2029 Eorum
903 1992 1076 2042 plerique
1103 1992 1268 2029 inermes
1297 2005 1353 2028 ca-

176 2050 286 2096 dunt,
307 2052 422 2088 multi
447 2053 665 2101 capiuntur,
686 2066 799 2090 nemo
826 2055 999 2090 omnium
1026 2055 1197 2091 intactus
1224 2054 1353 2103 profu-

175 2114 243 2162 git,
264 2118 304 2150 et
322 2114 518 2152 Numidae
536 2116 644 2165 prius
672 2130 787 2166 quam
820 2130 869 2154 ex
900 2118 1035 2155 castris
1068 2118 1350 2163 subveniretur,

175 2179 290 2216 sicuti
303 2179 403 2227 jussi
422 2184 544 2226 erant,
564 2181 605 2217 in
619 2183 815 2230 proximos
835 2183 948 2219 colles
967 2183 1180 2220 discedunt.
