1543 2449
216 116 264 153 20
489 116 620 154 SALL
631 115 783 154 USTII
815 115 1121 152 JUGURTHA.

214 201 317 238 facto
337 205 376 238 et
395 202 681 251 oppugnatione
702 200 831 237 Cirtae
851 200 1098 238 audiebatur:
1129 200 1195 238 sed
1214 201 1247 237 is
1266 214 1398 237 rumor

216 267 381 303 clemens
401 270 493 303 erat.
553 266 726 310 Quorum
745 264 773 301 J
777 264 946 313 ugurtha
975 268 1133 313 accepta
1152 265 1326 301 oratione
1344 277 1400 301 re-

216 329 390 378 spondit:
422 329 541 365 “Sibi
571 341 696 376 neque
724 328 850 376 majus
876 328 1086 376 quidquam
1119 341 1244 377 neque
1273 328 1399 364 carius

215 394 447 430 auctoritate
467 393 614 430 senati:
645 393 693 429 ab
713 392 973 429 adolescentia
996 394 1052 429 ita
1080 393 1241 439 enisum,
1263 393 1323 429 uti
1351 393 1399 428 ab

216 459 362 507 optimo
395 471 546 507 quoque
578 458 830 506 probaretur:
873 457 1033 503 virtute,
1065 470 1143 494 non
1174 458 1326 494 malitia
1354 456 1395 494 P.

218 524 400 573 Scipioni,
421 536 570 560 summo
596 523 692 568 viro,
721 522 934 571 placuisse:
964 523 1012 559 ob
1041 523 1191 559 easdem
1221 527 1324 559 artes
1352 522 1401 559 ab

218 589 396 637 Micipsa,
428 601 507 624 non
536 588 700 637 penuria
731 588 953 634 liberorum,
987 588 1029 624 in
1057 601 1217 636 regnum
1246 588 1402 637 adopta-

218 659 325 691 tum:
356 658 538 700 ceterum,
560 667 636 703 quo
654 654 768 703 plura
785 654 884 690 bene
907 657 1023 702 atque
1052 657 1209 690 strenue
1235 653 1400 698 fecisset,

218 730 262 753 vo
292 717 465 754 animum
499 731 611 754 suum
644 717 828 765 injuriam
861 717 990 753 minus
1023 716 1210 753 tolerare:
1252 716 1403 753 Adher—

216 783 342 818 balem
372 782 470 819 dolis
497 782 602 818 vitae
631 794 722 818 suae
750 780 977 818 insidiatum
992 795 1001 828 3
1031 780 1133 829 quod
1162 780 1229 816 ubi
1257 793 1404 829 compe-

218 846 342 891 risset,
364 845 498 882 sceleri
518 845 672 881 obviam
691 844 764 881 isse
779 858 788 892 3
818 845 1005 893 populum
1026 844 1248 880 Romanum
1277 856 1402 892 neque

217 913 320 945 recte
350 922 474 958 neque
504 921 574 957 pro
603 908 705 944 bono
737 908 946 953 facturum,
979 908 1011 944 si
1040 908 1088 944 ab
1112 908 1200 956 jure
1228 907 1402 956 gentium

219 986 300 1009 sese
328 973 593 1022 prohibuerit:
623 976 817 1022 postremo
847 972 895 1008 de
921 972 1100 1008 omnibus
1123 972 1238 1008 rebus
1258 972 1404 1020 legatos

218 1039 383 1074 Romam
412 1038 522 1074 brevi
549 1036 792 1074 missurum.''
849 1037 914 1073 Ita
939 1037 1096 1085 utrique
1119 1036 1414 1085 digrediunturn

220 1101 456 1138 Adherbalis
476 1101 697 1151 appellandi
717 1101 826 1150 copia
845 1113 923 1137 non
942 1100 1028 1137 fuit.

298 1165 465 1201 XXIII.
524 1165 552 1202 J
555 1164 736 1213 ugurtha,
752 1164 820 1201 ubi
835 1177 899 1201 eos
914 1164 1053 1200 Africa
1072 1163 1278 1201 decessisse
1297 1167 1406 1215 ratus

220 1232 289 1273 est,
309 1241 434 1277 neque
453 1232 612 1277 propter
630 1227 705 1264 loci
732 1232 913 1264 naturam
943 1228 1091 1265 Cirtam
1120 1227 1237 1264 armis
1265 1217 1406 1275 expug-

222 1307 313 1330 nare
332 1298 472 1343 potest,
488 1294 592 1330 vallo
611 1297 728 1342 atque
747 1293 850 1330 fossa
868 1293 1021 1330 moenia
1040 1292 1266 1337 circumdat,
1279 1295 1407 1328 turres

222 1359 402 1404 exstruit,
416 1371 556 1407 easque
568 1358 771 1407 praesidiis
786 1358 932 1394 firmat:
953 1361 1154 1406 praeterea
1166 1357 1248 1393 dies
1262 1360 1407 1392 noctes-

222 1435 307 1471 que,
329 1426 398 1458 aut
417 1435 486 1471 per
505 1422 585 1458 vim
604 1426 673 1458 aut
688 1422 798 1467 dolis,
814 1425 967 1472 tentare
981 1435 991 1468 3
1021 1421 1290 1457 defensoribus
1309 1432 1407 1456 moe-

223 1487 331 1522 nium
350 1487 523 1535 praemia
541 1486 666 1532 modo,
682 1486 796 1522 modo
815 1485 1063 1522 formidinem
1084 1489 1280 1521 ostentare
1289 1497 1298 1531 3
1319 1495 1408 1520 suos

223 1551 415 1587 hortando
430 1551 479 1586 ad
494 1551 682 1587 virtutem
699 1551 844 1599 erigere
858 1564 868 1597 3
896 1563 1053 1599 prorsus
1072 1549 1249 1585 intentus
1269 1552 1408 1584 cuncta

224 1629 367 1665 parare.
426 1615 629 1652 Adherbal
657 1614 725 1651 ubi
753 1615 939 1663 intelligit
966 1627 1098 1651 omnes
1124 1627 1213 1650 suas
1232 1613 1409 1650 fortunas

224 1681 265 1715 in
293 1683 467 1716 extremo
496 1679 602 1725 sitas,
623 1679 773 1715 hostem
796 1678 996 1723 infestum,
1026 1678 1164 1714 auxilii
1193 1690 1298 1726 spem
1326 1677 1410 1713 nul·

225 1745 313 1790 lam,
345 1744 509 1793 penuria
536 1756 666 1779 rerum
694 1743 997 1779 necessariarum
1025 1743 1171 1779 bellum
1200 1742 1304 1778 trahi
1331 1754 1409 1778 non

225 1822 346 1858 posse,
367 1822 416 1845 ex
435 1809 507 1854 his,
529 1808 596 1857 qui
619 1821 697 1844 una
723 1808 871 1845 Cirtam
904 1807 1170 1857 profugerant,
1202 1806 1279 1842 duo
1306 1819 1410 1841 max-

227 1873 301 1908 ime
334 1872 518 1921 impigros
551 1872 705 1920 delegit,
737 1885 801 1908 eos
833 1872 958 1908 multa
986 1870 1203 1920 pollicendo
1231 1883 1275 1906 ac
1302 1870 1410 1905 mise-

228 1937 348 1973 rando
377 1950 508 1973 casum
537 1949 650 1973 suum
672 1937 885 1982 confirmat,
916 1937 975 1972 uti
1003 1949 1072 1985 per
1099 1936 1269 1972 hostium
1288 1935 1411 1971 muni-

228 2001 352 2037 tiones
379 2005 498 2038 noctu
526 2001 575 2037 ad
603 2002 823 2050 proximum
862 2014 979 2047 mare,
1009 2001 1099 2037 dein
1137 2000 1302 2036 Romam
1330 2012 1411 2048 per-

227 2067 370 2111 gerent.

308 2127 468 2165 XXIV.
528 2129 724 2165 Numidae
753 2129 887 2178 paucis
915 2129 1051 2165 diebus
1079 2128 1188 2177 jussa
1217 2127 1412 2174 efficiunt,

229 2192 383 2229 litterae
403 2192 640 2230 Adherbalis
669 2193 709 2232 in
739 2198 876 2230 senatu
904 2194 1101 2239 recitatae,
1135 2205 1298 2242 quarum
1332 2205 1413 2228 sen-
