1502 2449
103 106 152 142 30
383 103 679 142 SALLUSTII
715 104 990 143 CATILINA.

100 202 270 239 maximo
294 202 434 238 scelere
460 201 582 237 tantis
606 200 755 237 civibus
777 201 1032 250 deprehensis,
1062 201 1156 250 quid
1180 200 1282 238 facto

100 280 197 316 opus
223 274 340 313 esset3
378 279 540 314 poenam
569 266 725 301 illorum
753 266 827 302 sibi
857 266 975 312 oneri,
1005 266 1280 314 impunitatem

99 331 316 381 perdendae
353 330 587 378 reipublicae
624 329 812 366 credebat.
883 330 1011 379 Igitur
1054 330 1281 366 confirmato

98 397 227 433 animo
263 395 393 432 vocari
430 394 479 430 ad
520 407 600 430 sese
637 394 751 442 jubet
788 394 1010 441 Lentulum,
1051 394 1275 442 Cethegum,

99 460 310 505 Statilium,
347 458 568 504 Gabinium,
590 459 685 494 item
719 458 761 502 Q.
800 458 1030 507 Coeparium
1062 458 1279 507 quemdam,

97 525 421 570 Terracinensem,
442 524 510 572 qui
528 524 569 559 in
588 523 776 572 Apuliam
796 523 845 559 ad
871 523 1097 560 concitanda
1121 523 1281 560 servitia

97 588 287 638 proficisci
318 588 489 637 parabat.
549 587 677 624 Ceteri
709 588 791 624 sine
824 600 932 623 mora
964 587 1152 625 veniunt:
1191 586 1281 623 Coe-

97 653 238 702 parius,
259 652 390 701 paullo
409 656 500 688 ant-e
520 652 632 688 domo
658 664 844 700 egressus,
872 651 1024 699 cognito
1049 651 1202 697 indicio,
1232 663 1282 687 ex

97 718 192 754 urbe
228 716 464 766 profugerat.
534 716 677 753 Consul
718 716 942 762 Lentulum,
982 715 1085 763 quod
1128 718 1282 763 praetor

97 785 188 827 erat,
206 781 287 830 ipse
307 794 425 817 manu
446 785 582 817 tenens
601 781 796 830 perducit,
823 780 990 828 reliquos
1010 792 1097 815 cum
1117 779 1281 815 custodi-

95 847 167 882 bus
195 846 237 882 in
262 846 395 882 aedem
420 845 655 882 Concordiae
680 845 813 882 venire
835 845 960 894 jubet.
1018 843 1076 879 Eo
1102 847 1278 879 senatum

95 910 268 956 advocat,
286 922 502 958 magnaque
521 909 742 959 frequentia
761 910 844 959 ejus
864 909 1010 945 ordinis
1029 907 1280 944 Volturcium

95 987 182 1011 cum
210 974 348 1023 legatis
375 974 607 1021 introducit,
636 974 818 1010 Flaccum
847 977 1063 1022 praetorem
1095 973 1280 1009 scrinium

95 1051 184 1075 cum
208 1038 361 1084 litteris,
390 1050 485 1086 quas
512 1051 535 1074 a
563 1038 700 1087 legatis
727 1042 937 1087 acceperat,
967 1038 1100 1075 eodem
1129 1037 1281 1073 adferre

89 1103 212 1151 jubet.

173 1166 352 1203 XLVII.
409 1166 638 1203 Volturcius
664 1167 925 1215 interrogatus
946 1167 1028 1203 “de
1054 1166 1205 1211 itinere,
1235 1166 1281 1202 de

93 1231 246 1277 litteris,
281 1235 475 1280 postremo
507 1232 613 1281 quid,
652 1235 721 1268 aut
756 1244 833 1280 qua
869 1231 916 1267 de
954 1244 1098 1275 caussa,
1131 1230 1280 1266 consilii

94 1295 348 1332 habuisset2''
385 1295 510 1344 primo
542 1295 686 1345 fingere
717 1296 803 1342 alia,
839 1296 1081 1332 dissimulare
1116 1295 1163 1331 de
1196 1307 1282 1331 con-

87 1358 303 1407 juratione3
344 1363 443 1408 post,
481 1360 550 1395 ubi
587 1360 662 1396 fide
698 1360 854 1409 publica
887 1360 1012 1396 dicere
1044 1360 1177 1407 jussus
1209 1362 1277 1404 est,

93 1423 222 1459 omnia
253 1423 314 1459 uti
351 1427 458 1471 gesta
491 1427 602 1459 erant
634 1424 771 1472 aperit,
805 1424 1003 1473 docetque,
1042 1427 1116 1460 “se
1149 1423 1281 1472 paucis

63 1500 73 1509 ·
93 1490 184 1523 ante
214 1487 349 1523 diebus
382 1501 405 1523 a
434 1487 602 1524 Gabinio
630 1492 670 1524 et
699 1488 885 1537 Coepario
914 1489 1060 1525 socium
1089 1487 1281 1524 adscitum

92 1551 191 1586 nihil
209 1551 376 1600 amplius
399 1552 496 1588 scire
519 1565 634 1601 quam
660 1552 806 1601 legatos
814 1566 824 1599 3
853 1552 1123 1597 tantummodo
1146 1551 1281 1588 audire

92 1615 249 1651 solitum
275 1629 323 1652 ex
350 1616 527 1663 Gabinio,
558 1616 600 1653 P.
630 1617 882 1663 Autronium,
912 1616 1091 1653 Servium
1119 1616 1278 1662 Sullam,

92 1679 134 1718 L.
158 1679 459 1729 Vargunteium,
482 1681 625 1717 multos
650 1685 849 1730 praeterea
874 1681 917 1717 in
943 1694 986 1717 ea
1011 1680 1280 1729 conjuratione

91 1743 207 1780 csse.''
263 1744 410 1780 Eadem
440 1744 545 1781 Galli
571 1745 764 1792 fatentur,
797 1758 840 1781 ac
864 1745 1077 1781 Lentulum
1104 1745 1282 1782 dissimu-

91 1807 236 1844 lantem
275 1812 488 1857 coarguunt
526 1813 680 1857 praeter
713 1810 865 1846 litteras
898 1808 1151 1855 sermonibus,
1187 1821 1282 1857 quos

90 1871 157 1907 ille
177 1871 317 1908 habere
337 1873 475 1909 solitus
501 1877 606 1909 erat:
639 1876 722 1909 “ex
748 1873 858 1909 libris
882 1873 1095 1921 Sibyllinis,
1118 1885 1280 1921 regnum

91 1935 238 1972 Romae
253 1937 380 1973 tribus
395 1937 584 1974 Corneliis
599 1938 781 1986 portendi
788 1951 799 1984 3
822 1938 988 1976 Cinnam
1001 1941 1117 1986 atque
1132 1937 1282 1973 Sullam

89 2003 204 2036 antea
211 2013 221 2047 3
256 2012 295 2036 se
322 2001 483 2037 tertium
514 2014 604 2048 esse,
632 2002 696 2038 cui
720 2002 846 2038 fatum
876 2002 977 2039 foret
1009 2001 1116 2037 urbis
1145 2000 1263 2049 potiri
1271 2014 1282 2048 3

89 2067 288 2112 praeterea
315 2065 364 2100 ab
392 2065 549 2102 incenso
579 2066 770 2115 Capitolio
798 2067 911 2102 illum
940 2078 1019 2102 esse
1050 2065 1278 2113 vigesimum

89 2140 246 2174 annum,
269 2141 383 2177 quem
403 2142 517 2178 saepe
536 2143 585 2166 ex
608 2131 795 2180 prodigiis
820 2130 1042 2179 haruspices
1067 2128 1282 2177 respondis-

89 2195 176 2228 sent
200 2192 302 2229 bello
328 2192 435 2229 civili
460 2199 664 2231 cruentum
691 2195 806 2232 fore.'’
862 2188 1001 2244 Igitur*
1017 2192 1198 2243 perlectis
1221 2192 1282 2229 lit-
