1543 2449
229 132 251 167 4
497 129 630 166 ΒΑΜ,
642 128 793 165 USTJJ
825 107 934 165 απ*
944 128 1015 165 csse
1020 127 1141 165 THA.

228 229 345 261 mum,
367 215 458 264 quia
485 227 667 262 magnum
693 217 732 249 et
757 217 882 258 atrox,
909 213 1092 263 variaque
1117 214 1280 250 victoria
1306 214 1383 250 fuit
1397 227 1408 261 3

227 279 329 325 dein,
353 280 444 328 quia
471 283 555 315 tum
583 278 751 327 primum
781 278 982 326 superbiae
1009 278 1226 315 nobilitatis
1253 278 1406 315 obviam

227 343 327 380 itum
360 348 441 390 est,
474 355 572 392 quae
605 342 802 379 contentio
835 342 969 379 divina
1001 346 1040 379 et
1071 343 1241 379 humana
1269 348 1410 379 cuncta

226 408 463 457 permiscuit,
484 419 604 455 eoque
630 405 830 442 vecordiae
855 407 1052 454 processit,
1072 406 1132 442 uti
1157 406 1296 443 studiis
1319 406 1409 442 civi-

227 473 329 508 libus
348 472 492 507 bellum
512 475 628 519 atque
647 470 811 506 vastitas
831 470 970 507 Italiae
990 471 1105 507 finem
1125 471 1279 508 faceret.
1333 470 1409 507 Sed

226 536 451 584 priusquam
488 534 754 582 hujuscemodi
791 534 846 570 rei
883 535 1038 570 initium
1076 535 1250 584 expedio,
1286 548 1410 584 pauca

227 612 344 648 supra
362 603 557 647 repetam,
587 611 662 647 quo
688 599 736 634 ad
763 599 1067 647 cognoscendum
1088 599 1217 635 omnia
1241 599 1410 636 illustria

227 662 360 710 magis,
376 662 573 709 magisque
593 662 633 697 in
649 666 783 710 aperto
802 662 890 698 sint.
941 662 1050 698 Bello
1066 661 1214 698 Punico
1229 662 1408 707 secundo,

227 738 303 774 quo
328 726 410 762 dux
436 726 815 774 Carthaginiensium
842 726 1044 762 Hannibal
1070 730 1157 775 post
1178 727 1411 775 magnitudi-

229 802 317 825 nem
343 790 511 825 nominis
537 789 706 825 Romani
732 789 872 826 Italiae
897 802 987 838 opes
1006 790 1173 826 maxime
1192 790 1410 835 attriverat,

228 853 437 889 Masinissa
466 866 536 889 rex
569 853 844 898 Numidarum,
873 853 915 888 in
943 852 1154 889 amicitiam
1184 857 1361 901 receptus
1388 866 1412 888 a

227 918 270 955 P.
294 918 484 967 Scipione,
506 918 568 953 cui
593 921 727 966 postea
746 917 936 953 Africano
963 929 1174 965 cognomen
1196 929 1244 953 ex
1262 917 1411 956 virtute

227 982 316 1027 fuit,
336 982 461 1018 multa
486 986 525 1018 et
550 982 747 1030 praeclara
771 981 827 1017 rei
852 981 1033 1017 militaris
1052 981 1224 1018 facinora
1243 981 1410 1026 fecerat,

227 1046 276 1082 ob
309 1058 406 1094 quae
439 1045 554 1081 victis
587 1045 972 1093 Carthaginiensibus
1005 1049 1044 1081 et
1077 1049 1189 1094 capto
1223 1044 1409 1093 Syphace,

227 1108 338 1156 cujus
363 1108 403 1143 in
424 1108 563 1143 Africa
588 1120 770 1156 magnum
797 1112 913 1156 atque
939 1109 1016 1144 late
1042 1108 1246 1157 imperium
1273 1108 1409 1152 valuit,

227 1172 392 1220 populus
426 1171 627 1207 Romanus
655 1184 916 1220 quascumque
944 1173 1058 1208 urbes
1087 1176 1127 1208 et
1154 1185 1264 1220 agros
1292 1184 1410 1220 manu

227 1239 381 1284 ceperat
409 1236 488 1284 regi
517 1236 617 1272 dono
646 1236 763 1272 dedit.
822 1236 952 1284 Igitur
979 1237 1151 1273 amicitia
1179 1236 1410 1272 Masinissae

227 1300 327 1335 bona
346 1303 462 1347 atque
481 1299 644 1334 honesta
663 1299 773 1335 nobis
792 1299 1026 1347 permansit:
1056 1299 1209 1348 imperii
1231 1299 1411 1347 vitaeque

227 1363 310 1411 ejus
342 1363 430 1399 finis
466 1363 567 1399 idem
600 1363 687 1399 fuit.
746 1363 850 1399 Dein
888 1363 1066 1412 Micipsa,
1100 1364 1214 1409 filius,
1249 1376 1410 1412 regnum

227 1428 330 1464 solus
349 1428 530 1473 obtinuit,
546 1428 815 1464 Mastanabale
835 1432 873 1464 et
889 1428 1058 1464 Gulussa
1072 1428 1259 1464 fratribus
1278 1428 1411 1464 morbo

226 1492 424 1528 absumtis.
483 1492 524 1528 Is
544 1492 808 1528 Adherbalem
828 1496 868 1528 et
893 1492 1160 1541 Hiempsalem
1181 1505 1229 1528 ex
1252 1504 1333 1528 sese
1351 1504 1411 1540 ge-

226 1556 324 1601 nuit,
341 1556 367 1592 J
372 1556 667 1605 ugurthamque,
689 1556 971 1593 Mastanabalis
989 1556 1122 1592 fratris
1140 1556 1275 1601 filium,
1296 1568 1410 1604 quem

229 1619 448 1665 Masinissa,
480 1619 583 1668 quod
616 1623 724 1656 ortus
756 1633 804 1656 ex
838 1620 1052 1656 concubina
1084 1623 1178 1665 erat,
1212 1619 1409 1668 privatum

226 1683 496 1732 dereliquerat,
521 1684 653 1720 eodem
679 1685 799 1729 cultu,
824 1697 899 1733 quo
925 1684 1065 1720 liberos
1091 1697 1191 1729 suos,
1216 1684 1319 1720 domi
1347 1685 1410 1720 ha-

227 1748 320 1784 buit.

306 1812 379 1849 VI.
439 1812 516 1857 Qui
536 1813 603 1848 ubi
622 1812 790 1861 primum
810 1813 992 1859 adolevit,
1009 1813 1158 1862 pollens
1173 1813 1332 1858 viribus,
1349 1812 1410 1849 de-

226 1888 314 1912 cora
332 1876 441 1922 facie,
463 1876 529 1912 sed
554 1877 679 1913 multo
704 1877 872 1913 maxime
897 1877 1052 1925 ingenio
1077 1877 1242 1922 validus,
1267 1889 1344 1912 non
1370 1889 1410 1913 se

225 1941 333 1985 luxu,
360 1954 485 1989 neque
517 1941 680 1977 inertiae
714 1941 1037 1990 corrumpendum
1070 1941 1200 1988 dedit,
1238 1940 1316 1986 sed,
1350 1941 1409 1976 uti

226 2017 307 2040 mos
343 2006 469 2052 gentis
506 2006 611 2042 illius
643 2009 713 2051 est,
747 2005 933 2054 equitare,
962 2005 1140 2053 jaculari,
1174 2017 1288 2040 cursu
1321 2016 1407 2039 cum

225 2070 449 2118 aequalibus
482 2074 641 2116 certare,
672 2074 712 2106 et
748 2083 867 2119 quum
904 2082 1036 2106 omnes
1072 2069 1194 2118 gloria
1229 2068 1407 2113 anteiret,

225 2134 403 2170 omnibus
429 2138 559 2170 tamen
585 2147 696 2171 carus
722 2147 825 2171 esse:
854 2134 904 2171 ad
929 2134 1001 2170 hoc
1029 2134 1210 2182 pleraque
1235 2136 1409 2180 tempora

226 2199 266 2234 in
284 2197 461 2234 venando
488 2211 610 2247 agere,
631 2199 779 2235 leonem
800 2202 916 2247 atque
936 2198 1031 2234 alias
1049 2197 1151 2233 feras
1173 2196 1321 2245 primus
1340 2200 1409 2232 aut
