1502 2449
113 490 125 559 Aa

147 114 195 149 22
426 113 723 152 SALLUSTII
759 112 1040 151 CATILINA.

144 210 283 248 amisso
329 211 561 260 patrimonio
607 212 775 247 liberum
820 224 958 261 corpus
1002 213 1167 261 habere3
1217 218 1328 252 tanta

145 275 308 312 saevitia
352 276 612 312 feneratorum
659 279 776 324 atque
820 277 1010 325 praetoris
1054 277 1141 314 fuit.
1207 278 1327 328 Saepe

145 340 308 388 majores
335 344 519 386 vestrum,
550 339 716 375 miseriti
752 339 876 388 plebis
913 341 1124 387 Romanae,
1163 342 1329 379 decretis
1376 346 1381 350 ’

145 404 223 439 suis
259 403 410 452 inopiae
448 402 630 451 opitulati
667 407 782 451 sunt3
828 417 871 441 ac
907 406 1114 443 novissime
1143 407 1329 443 memoria

144 472 286 513 nostra,
313 472 472 516 propter
496 466 807 514 magnitudinem
832 469 931 505 aeris
954 470 1082 517 alieni,
1107 471 1329 507 volentibus

144 532 322 568 omnibus
358 530 469 567 bonis
505 534 708 578 argentum
746 545 833 568 aere
870 533 1039 570 solutum
1077 539 1144 572 est.
1207 535 1329 583 Saepe

143 596 226 644 ipsa
245 595 374 644 plebes
393 599 461 630 aut
480 595 708 631 dominandi
733 597 862 633 studio
890 601 1074 646 permota,
1105 603 1173 635 aut
1201 612 1329 648 super-

143 660 207 696 bia
242 660 554 708 magistratuum,
595 663 745 696 armata
777 673 800 696 a
836 661 1013 709 patribus
1050 663 1210 699 secessit.
1269 663 1329 699 At

143 737 212 760 nos
239 737 319 760 non
347 724 554 773 imperium
587 736 713 773 neque
750 724 908 761 divitias
945 726 1125 774 petimus,
1164 739 1329 774 quarum

142 801 271 824 rerum
309 801 443 825 caussa
483 788 585 824 bella
631 793 746 836 atque
793 791 1006 826 certamina
1052 790 1182 827 onmia
1225 790 1330 826 inter

142 852 322 889 mortales
360 857 463 898 sunt,
503 852 570 889 sed
606 853 838 899 libertatem,
883 867 997 902 quam
1046 866 1159 890 nemo
1204 854 1329 891 bonus

140 918 217 954 nisi
254 930 342 954 cum
378 917 509 953 anima
545 917 661 953 simul
698 910 855 955 amittit.
914 917 968 953 Te
1006 922 1122 966 atque
1150 922 1328 954 senatum

142 983 391 1028 obtestamur,
413 981 622 1018 consulatis
650 981 800 1017 miseris
824 981 996 1028 civibus;
1026 982 1121 1030 legis
1150 982 1329 1031 praesidi-

141 1061 218 1094 um,
240 1047 343 1096 quod
362 1046 549 1095 iniquitas
568 1046 758 1094 praetoris
779 1046 934 1095 eripuit,
963 1046 1179 1082 restituatis
1189 1059 1200 1093 ;
1229 1059 1328 1082 neve

141 1124 225 1148 eam
252 1110 364 1147 nobis
396 1109 719 1146 necessitudinem
757 1110 978 1159 imponatis,
1017 1115 1062 1147 ut
1099 1124 1329 1159 quaeramus

141 1187 310 1224 quonam
356 1174 469 1210 modo
516 1174 592 1210 ulti
643 1173 812 1210 maxime
868 1175 1094 1223 sanguinem
1150 1179 1327 1210 nostrum
1352 1196 1356 1200 ·

141 1240 375 1288 pereamus.”

219 1303 427 1342 XXXIV.
484 1303 552 1340 Ad
579 1303 672 1340 haec
702 1302 746 1347 Q.
786 1303 982 1340 Marcius:
1032 1303 1111 1340 “Si
1147 1302 1242 1352 quid
1279 1303 1328 1338 ab

141 1372 278 1405 senatu
298 1372 428 1417 petere
448 1368 593 1404 vellent
612 1368 661 1404 ab
681 1367 799 1404 armis
818 1367 1026 1413 discedant,
1049 1367 1216 1404 Romam
1242 1379 1328 1416 sup-

140 1433 256 1482 plices
285 1432 579 1481 proficiscantur
586 1446 596 1479 3
634 1445 679 1468 ea
706 1432 1005 1468 mansuetudine
1033 1436 1150 1481 atque
1177 1431 1327 1468 miseri-

140 1497 271 1535 cordia
298 1502 478 1533 senatum
501 1497 763 1545 populumque
783 1495 1006 1532 Romanum
1027 1509 1176 1545 semper
1196 1496 1328 1542 fuisse,

140 1566 185 1598 ut
213 1574 326 1598 nemo
354 1574 529 1609 unquam
557 1561 605 1596 ab
634 1573 677 1597 eo
705 1560 851 1596 frustra
879 1561 1071 1597 auxilinm
1109 1559 1327 1609 petiverit.'²

139 1627 198 1663 At
219 1626 388 1663 Catilina
408 1638 457 1662 ex
471 1625 610 1661 itinere
624 1625 817 1674 plerisque
832 1625 1109 1671 consularibus,
1127 1628 1328 1673 praeterea

140 1691 287 1740 optimo
315 1690 454 1739 cuique
482 1689 634 1726 litteras
662 1689 810 1726 mittit:
851 1689 934 1726 “Se
963 1689 1071 1725 falsis
1099 1689 1326 1725 criminibus

140 1755 460 1802 circumventum,
482 1754 663 1803 quoniam
690 1754 850 1790 factioni
874 1753 1119 1790 inimicorum
1148 1753 1327 1803 resistere

139 1819 370 1868 nequiverit,
391 1818 572 1855 fortunae
592 1818 734 1864 cedere,
758 1818 976 1855 Massiliam
995 1818 1037 1854 in
1057 1818 1218 1854 exilium
1243 1830 1327 1866 pro-

139 1883 255 1919 ficisci
269 1897 280 1930 3
308 1896 387 1920 non
406 1895 481 1932 quo
501 1882 575 1919 sibi
602 1882 706 1919 tanti
735 1883 888 1919 sceleris
917 1883 1091 1919 conscius
1120 1886 1229 1928 esset,
1260 1881 1325 1918 sed

139 1947 200 1983 uti
227 1947 443 1996 respublica
470 1947 604 1996 quieta
631 1947 743 1992 foret,
774 1960 872 1984 neve
900 1960 950 1983 ex
979 1960 1047 1984 sua
1079 1946 1326 1984 contentione

139 2011 278 2048 seditio
324 2011 523 2049 oriretur.'’
585 2011 651 2048 Ab
698 2011 759 2047 his
804 2011 916 2061 longe
964 2011 1134 2048 diversas
1175 2009 1327 2046 litteras

140 2076 184 2121 Q.
225 2075 388 2112 Catulus
424 2076 466 2112 in
504 2081 641 2113 senatu
678 2076 869 2122 recitavit,
908 2089 1003 2125 quas
1049 2075 1124 2112 sibi
1169 2073 1326 2110 nomine

141 2140 333 2177 Catilinae
361 2140 532 2177 redditas
571 2141 747 2178 dicebat:
794 2154 927 2177 earum
965 2139 1186 2188 exemplum
1223 2138 1326 2174 infra

140 2204 325 2254 scriptum
341 2219 348 2242 2
