1543 2449
438 128 728 167 SALLUSTJI
761 127 1064 165 JUGURTHA.
1282 127 1329 162 45

166 217 280 252 batur
308 216 428 264 magis
455 216 650 264 magisque
679 214 984 263 adpropinquare
1009 213 1154 257 vident,
1182 211 1334 259 cognita

166 291 206 315 rc
234 282 482 327 properantes
518 292 625 314 arma
661 278 830 326 capiunt,
860 290 902 313 ac
940 289 1008 324 pro
1045 275 1190 320 castris,
1220 275 1334 311 sicuti

166 343 437 391 imperabatur,
459 343 682 379 consistunt.
741 340 903 386 Deinde,
920 340 986 376 ubi
1000 339 1155 388 propius
1175 342 1332 374 ventum

167 410 235 452 cst,
256 406 449 454 utrimque
475 419 612 454 magno
641 406 803 441 clamore
832 403 1080 440 concurritur.
1139 402 1333 438 Numidae

127 501 132 508 .
166 469 432 505 tantummodo
452 469 643 514 remorati,
665 468 756 504 dum
775 468 816 503 in
829 467 1042 516 elephantis
1061 466 1249 502 auxilium
1268 479 1334 514 pu-

166 537 263 579 tant,
284 537 486 582 postquam
506 546 569 569 eos
588 532 791 580 impeditos
810 531 926 567 ramis
946 531 1125 567 arborum
1145 534 1260 578 atque
1279 530 1335 566 ita

165 596 343 643 disjectos
364 595 633 631 circumveniri
652 595 797 640 vident,
817 594 949 642 fugam
972 593 1132 638 faciunt,
1154 606 1197 629 ao
1224 593 1334 642 pleri-

166 672 250 707 que,
271 660 430 707 abjectis
449 659 565 695 armis
585 659 698 694 colles
717 662 785 694 aut
804 658 938 702 noctis,
960 670 1056 706 quac
1079 657 1160 705 jun
1188 657 1333 703 aderat,

166 722 311 758 auxilio
344 722 485 770 integri
517 723 668 758 abeunt.
728 721 938 769 Elephanti
963 725 1128 769 quatuor
1148 721 1261 769 capti,
1281 734 1335 757 re-

166 784 262 832 liqui
280 797 422 829 omnes,
443 797 602 820 numero
627 784 893 832 quadraginta,
920 783 1123 820 interfecti.
1181 785 1242 820 At
1261 785 1335 821 Ro·
1380 822 1384 826 ,

166 849 270 884 mani
289 862 519 897 quamquam
539 849 676 884 itinere
691 852 806 896 atque
822 861 934 896 opere
951 852 1161 884 castrorum
1177 852 1216 885 et
1230 862 1335 898 proe-

165 913 216 948 lio
235 912 326 949 fessi
344 913 509 961 lassique
532 916 653 957 erant,
674 916 815 957 tamen,
837 912 938 960 quod
964 912 1147 948 Metellus
1171 913 1335 961 amplius

166 976 343 1024 opinione
362 976 595 1020 morabatur,
616 975 797 1011 instructi
824 976 1042 1024 intentique
1072 976 1223 1012 obviam
1253 989 1335 1024 pro-

166 1041 308 1077 cedunt
322 1055 331 1087 3
358 1054 448 1076 nam
468 1041 578 1076 dolus
598 1040 857 1076 Numidarum
886 1041 983 1076 nihil
1011 1041 1185 1089 languidi
1212 1054 1336 1089 neque

165 1103 312 1139 remissi
331 1103 559 1151 patiebatur.
608 1103 669 1139 Ac
681 1103 804 1151 primo
819 1103 980 1138 obscura
994 1107 1116 1148 nocte,
1133 1107 1335 1151 postquam

164 1166 266 1202 haud
278 1167 412 1214 procul
426 1167 528 1202 inter
543 1179 581 1202 se
596 1170 718 1212 erant,
732 1166 908 1215 strepitu,
922 1167 1031 1203 velut
1044 1167 1184 1213 hostes,
1198 1168 1336 1203 adven-

164 1234 257 1275 tare,
271 1230 384 1266 alteri
402 1230 505 1278 apud
524 1230 664 1266 alteros
678 1229 924 1266 formidinem
940 1230 1054 1266 simul
1069 1233 1108 1266 et
1122 1231 1334 1266 tumultum

164 1295 289 1330 facere
297 1308 307 1341 5
335 1298 375 1330 et
393 1306 513 1342 paene
532 1293 794 1342 imprudentia
821 1293 1030 1329 admissum
1058 1293 1209 1330 facinus
1228 1295 1335 1331 mise-

164 1358 294 1403 rabile,
302 1357 343 1393 ni
351 1357 544 1405 utrimque
556 1357 755 1405 praemissi
767 1357 914 1405 equites
926 1370 1006 1393 rem
1019 1358 1331 1406 exploravissent.

165 1420 292 1467 Igitur
320 1433 389 1469 pro
418 1424 525 1456 metu
557 1424 714 1468 repente
743 1420 925 1468 gaudium
956 1424 1133 1456 exortum
1146 1434 1156 1468 3
1193 1422 1335 1457 milites

164 1483 261 1518 alius
274 1483 391 1518 alium
404 1483 496 1518 laeti
510 1483 717 1531 appellant,
731 1487 818 1518 acta
836 1482 997 1519 edocent
1015 1487 1131 1532 atque
1146 1484 1312 1520 audiunt
1326 1498 1335 1530 3

165 1558 233 1581 sua
251 1546 410 1594 quisque
429 1545 546 1581 fortia
564 1546 668 1581 facta
686 1545 735 1581 ad
763 1546 910 1582 caelum
938 1546 1046 1582 ferre.
1106 1547 1256 1595 Quippe
1276 1560 1335 1583 res

164 1608 353 1644 humanae
372 1609 428 1645 ita
447 1622 527 1645 sese
552 1608 718 1644 habent:
747 1608 789 1644 in
813 1609 976 1645 Victoria
1002 1609 1063 1644 vel
1088 1609 1238 1657 ignavis
1260 1610 1335 1658 glo-

163 1673 255 1709 riari
274 1674 386 1720 licet3
415 1674 596 1710 adversae
616 1686 676 1709 res
695 1673 811 1709 etiam
831 1674 950 1709 bonos
969 1673 1197 1710 detractant.

241 1736 349 1773 LIV.
407 1737 591 1773 Metellus
620 1737 662 1772 in
690 1737 811 1775 isdem
837 1737 971 1773 castris
991 1738 1197 1786 quatriduo
1215 1753 1334 1777 mora-

163 1805 226 1837 tus
245 1801 392 1837 saucios
411 1814 498 1837 cum
523 1814 615 1837 cura
641 1801 775 1846 reficit,
796 1801 953 1837 meritos
980 1801 1021 1836 in
1048 1803 1203 1849 proeliis
1230 1817 1334 1840 more

162 1865 322 1900 militiae
342 1865 471 1910 donat,
492 1866 690 1902 universos
709 1866 750 1901 in
770 1866 949 1901 concione
968 1865 1102 1901 laudat
1120 1869 1235 1914 atque
1254 1868 1335 1916 agit

162 1928 327 1976 gratias,
355 1928 544 1974 hortatur,
565 1929 614 1965 ad
643 1933 779 1974 cetera,
809 1942 906 1977 quae
938 1929 1039 1965 levia
1071 1934 1173 1976 sunt,
1202 1944 1333 1979 parem

162 1991 333 2026 animum
369 1994 505 2038 gerant
517 2005 527 2038 3
568 2003 637 2039 pro
669 1991 832 2027 victoria
864 1991 957 2027 satis
988 1992 1069 2039 jam
1106 1997 1331 2041 pugnatum,

161 2054 327 2102 reliquos
341 2054 489 2090 labores
504 2067 573 2103 pro
587 2055 729 2103 praeda
743 2055 833 2091 fore.
883 2055 1027 2091 Tamen
1042 2055 1197 2092 interim
1212 2061 1333 2094 trans-

160 2117 271 2165 fugas
298 2122 338 2154 et
359 2118 454 2154 alios
478 2123 723 2167 opportunos,
744 2119 772 2155 J
776 2119 943 2167 ugurtha
970 2119 1037 2154 ubi
1063 2120 1236 2167 gentium
1264 2127 1333 2158 aut

161 2181 253 2229 quid
272 2181 447 2229 agitaret,
468 2195 553 2218 cum
582 2183 763 2231 paucisne
791 2187 901 2229 essct,
922 2196 972 2219 an
991 2184 1202 2220 exercitum
1222 2185 1332 2222 habe-
