1543 2449
425 92 720 131 SALLUSTIJ
753 95 1065 133 JUGURTHA.
1287 101 1336 137 83

161 178 323 224 Deinde,
349 179 417 215 ubi
444 179 513 215 lux
537 179 784 226 adventabat,
809 181 969 218 defessis
988 181 1070 230 jam
1096 181 1272 220 hostibus
1297 188 1338 221 et

159 243 288 291 paullo
316 246 406 279 ante
435 255 567 279 somno
596 244 729 292 captis,
753 244 801 281 de
829 245 1037 294 improviso
1065 245 1211 294 vigiles,
1242 247 1335 284 item

159 307 385 352 cohortium,
402 310 630 351 turmarum,
646 308 840 356 legionum
859 309 1050 345 tubicines
1070 309 1185 345 simul
1204 322 1335 347 omnes

159 370 268 419 signa
299 383 446 416 canere,
477 371 620 407 milites
652 371 855 408 clamorem
893 372 1028 408 tollere
1060 376 1177 421 atque
1213 374 1336 422 portis

152 447 366 484 erumpere.
424 435 556 471 Mauri
583 439 700 484 atque
729 436 897 482 Gaetuli,
926 436 1059 484 ignoto
1089 440 1129 473 et
1159 436 1336 473 horribili

158 499 288 535 sonitu
315 503 473 548 repente
506 499 636 545 exciti,
665 512 789 548 neque
816 499 961 548 fugere,
990 513 1115 549 neque
1144 513 1251 537 arma
1279 514 1336 537 ca-

156 575 258 610 pere,
287 575 412 611 neque
444 563 600 599 omnino
632 562 758 599 facere
791 567 860 599 aut
890 563 1093 612 providere
1125 564 1335 613 quidquam

156 631 359 675 poterant3
387 627 444 663 ita
471 631 641 672 cunctos,
665 627 842 675 strepitu,
867 627 1043 673 clamore,
1067 627 1174 664 nullo
1203 629 1337 664 subve-

156 690 300 736 niente,
329 690 471 726 nostris
504 691 752 735 instantibus,
782 691 967 736 tumultu,
996 695 1142 727 terrore
1170 691 1336 728 formido

156 755 267 803 quasi
294 755 483 799 vecordia,
508 759 669 803 ceperat.
729 754 907 803 Denique
935 767 1066 791 omnes
1093 755 1172 791 fusi
1196 755 1336 804 fugati-

156 831 242 866 que,
263 831 370 854 arma
388 821 428 854 et
446 818 555 866 signa
573 818 758 853 militaria
779 818 961 866 pleraque
987 822 1110 867 capta,
1130 819 1336 867 pluresque

156 894 200 917 eo
219 882 376 930 proelio,
388 894 503 930 quam
523 882 701 918 omnibus
721 882 993 930 superioribus,
1008 883 1225 930 interemti,
1245 897 1335 920 nam

156 957 289 981 somno
309 949 348 981 et
366 948 473 981 metu
492 945 648 981 insolito
667 945 854 993 impedita
872 945 974 993 fuga.

235 1008 275 1045 O.
333 1008 437 1045 Dein
457 1008 619 1053 Marius,
641 1009 700 1044 uti
720 1012 908 1057 coeperat,
929 1009 971 1045 in
989 1009 1151 1046 hiberna
1169 1011 1335 1058 proficis—

156 1074 258 1110 citur
270 1086 280 1120 3
309 1085 406 1121 quae
429 1076 587 1121 propter
611 1077 868 1109 commeatum
892 1072 935 1109 in
959 1074 1111 1122 oppidis
1129 1075 1335 1110 maritimis

155 1150 266 1186 agere
289 1137 513 1173 decreverat
525 1149 534 1182 3
563 1149 688 1185 neque
710 1140 842 1172 tamen
860 1136 1024 1173 victoria
1042 1150 1167 1174 secors
1186 1142 1256 1174 aut
1280 1138 1335 1174 in-

155 1201 280 1237 solens
299 1200 426 1236 factus
439 1213 450 1246 3
479 1200 546 1236 sed
570 1200 717 1249 pariter
741 1204 858 1249 atque
876 1200 918 1236 in
938 1205 1145 1250 conspectu
1164 1201 1334 1238 hostium

154 1265 342 1313 quadrato
368 1264 520 1313 agmine
545 1264 730 1300 incedere.
790 1264 898 1300 Sulla
918 1277 1004 1300 cum
1028 1265 1205 1314 equitatu
1230 1265 1334 1314 apud

154 1328 358 1374 dextimos,
378 1329 420 1364 in
446 1328 604 1364 sinistra
627 1328 678 1364 A.
701 1328 874 1364 Manlius
901 1341 987 1364 cum
1007 1328 1272 1365 funditoribus
1295 1333 1335 1366 et

154 1392 376 1441 sagittariis,
404 1396 604 1441 praeterea
632 1391 806 1428 cohortes
834 1392 1022 1441 Ligurum
1048 1393 1210 1429 curabat
1222 1406 1231 1439 3
1260 1393 1335 1442 pri-

153 1469 235 1492 mos
267 1459 308 1492 et
343 1459 535 1492 extremos
567 1468 653 1491 cum
687 1455 878 1504 expeditis
910 1456 1119 1504 manipulis
1156 1456 1334 1493 tribunos

153 1520 357 1556 locaverat.
415 1519 617 1567 Perfugae,
638 1519 796 1555 minime
816 1519 895 1555 cari
920 1523 960 1555 et
984 1520 1184 1568 regionum
1210 1520 1330 1556 scien-

152 1582 305 1628 tissimi,
324 1582 494 1618 hostium
519 1583 594 1618 iter
612 1582 888 1631 explorabant:
918 1583 1034 1618 simul
1056 1583 1200 1628 consul,
1222 1583 1333 1631 quasi

153 1646 260 1682 nullo
279 1646 470 1695 imposito,
491 1637 619 1682 emnia
637 1646 861 1695 providere,
890 1647 994 1695 apud
1019 1659 1151 1683 omnes
1176 1647 1308 1684 adesse
1320 1660 1331 1694 3

153 1709 323 1755 laudare,
346 1710 544 1758 increpare
571 1711 771 1746 merentes:
829 1710 920 1758 Ipse
945 1714 1117 1746 armatus
1141 1711 1332 1747 intentus-

152 1786 238 1821 que,
271 1773 365 1809 item
402 1774 544 1810 milites
576 1774 758 1822 cogebat,
795 1786 920 1822 neque
952 1786 1072 1819 secus,
1105 1777 1223 1822 atque
1255 1774 1331 1811 iter

152 1837 290 1883 facere,
320 1841 446 1874 castra
472 1838 635 1883 munire,
665 1838 889 1874 excubitum
922 1837 963 1873 in
995 1842 1126 1886 portas
1155 1838 1330 1876 cohortes

151 1914 200 1937 ex
224 1902 450 1950 legionibus,
474 1915 543 1951 pro
569 1902 704 1938 castris
727 1902 875 1951 equites
900 1902 1125 1939 auxiliarios
1150 1903 1329 1951 mittere3

150 1969 350 2013 praeterea
381 1965 476 2001 alios
508 1978 622 2014 super
653 1966 799 2002 vallum
833 1966 874 2001 in
905 1966 1158 2003 munimentis
1190 1967 1327 2014 locare,

151 2029 303 2077 vigilias
330 2029 411 2078 ipse
439 2030 652 2076 circumire,
681 2044 759 2066 non
787 2035 866 2066 tam
895 2031 1110 2068 diffidentia
1137 2032 1327 2078 futurum,

149 2106 248 2143 quae
266 2093 544 2142 imperavisset,
563 2107 678 2142 quam
698 2095 757 2130 uti
776 2095 965 2131 militibus
984 2100 1221 2144 exaequatus
1241 2110 1327 2133 cum

149 2158 380 2209 imperatore
412 2158 518 2195 labos
547 2158 768 2195 volentibus
800 2162 908 2196 esset.
967 2159 1021 2196 Et
1052 2172 1144 2196 sane
1176 2160 1328 2198 Marius

1120 2235 1221 2273 6—2
