1502 2449
127 101 175 139 18
406 101 542 143 SALL
551 101 704 139 USTJI
738 101 1018 140 CATILINA.

124 197 336 246 Postquam
358 197 439 234 dies
465 197 710 234 comitiorum
739 197 859 244 venit,
890 202 930 234 et
961 197 1153 235 Catilinae
1183 211 1308 248 neque

124 263 273 311 petitio,
296 274 420 310 neque
439 261 603 297 insidiae
622 273 717 309 quas
744 262 892 298 consuli
922 262 965 298 in
993 275 1126 311 campo
1152 262 1306 309 fecerat,

124 338 303 375 prospere
333 337 488 371 cessere,
520 325 727 361 constituit
750 325 896 361 bellum
921 326 1048 362 facere
1071 330 1110 362 et
1135 331 1310 363 extrema

125 391 255 427 onmia
291 389 470 438 experiri,
511 388 695 436 quoniam
732 401 830 437 quae
877 390 1027 426 occulte
1075 395 1307 437 tentaverat,

124 468 259 503 aspera
276 454 465 501 foedaque
485 455 704 489 evenerant.

205 516 392 554 XXVII.
451 516 582 564 Igitur
613 515 653 552 C.
687 516 886 568 Manlium·
914 517 1096 555 Faesulas
1126 522 1243 567 atque
1267 518 1310 555 in

125 595 207 618 eam
227 585 376 630 partem
398 579 590 626 Etruriae,
614 580 847 629 Septimium
867 581 1072 629 quemdam
1093 582 1311 619 Camertem

124 647 166 682 in
196 658 331 694 agrum
362 644 558 690 Picenum,
593 644 634 682 C.
666 644 694 681 J
697 645 821 680 ulium
850 644 894 680 in
919 645 1111 694 Apuliam
1136 646 1308 693 dimisit3

123 715 323 761 praeterea
355 709 476 745 alium
506 709 592 755 alio,
627 722 741 758 quem
771 710 914 758 ubique
945 711 1312 762 opportunumbsibi

124 776 207 812 fore
239 775 427 811 credebat.
486 774 644 810 Interea
676 774 824 811 Romae
857 775 983 811 multa
1013 775 1129 811 simul
1159 775 1310 822 moliri3

125 839 274 876 consuli
303 838 464 875 insidias
493 838 663 885 tendere,
699 851 835 887 parare
868 840 1056 886 incendia,
1096 844 1312 888 opportuna

124 905 207 941 loca
232 903 391 939 armatis
416 902 639 939 hominibus
664 902 838 939 obsidere
851 917 861 951 3
893 903 974 952 ipse
1000 917 1087 940 cum
1113 904 1191 940 telo
1218 916 1308 950 esse,

124 969 218 1005 item
239 967 333 1004 alios
348 967 486 1016 jubere
494 979 505 1013 3
535 966 684 1002 hortari
704 967 764 1003 uti
783 979 933 1016 semper
951 967 1094 1004 intenti
1109 969 1312 1018 paratique

125 1036 252 1070 essent
259 1046 270 1080 3
297 1031 377 1067 dies
396 1034 605 1079 noctesque
624 1030 821 1077 festinare,
839 1031 1010 1079 vigilare,
1029 1044 1153 1080 neque
1168 1032 1310 1068 insom-

124 1097 201 1133 niis
221 1108 346 1144 neque
364 1095 494 1130 labore
517 1095 682 1142 fatigari.
741 1095 954 1142 Postremo,
987 1096 1054 1131 ubi
1079 1095 1205 1132 multa
1233 1096 1312 1145 agi-

84 1175 88 1203 :'
125 1160 229 1198 tanti
247 1160 347 1196 nihil
367 1158 550 1208 procedit,
576 1171 710 1194 rursus
735 1159 968 1208 intempesta
997 1163 1110 1195 nocte
1141 1160 1314 1208 conjura·
1349 1182 1353 1186 ·

125 1225 245 1262 tionis
277 1223 471 1273 principes
501 1226 687 1259 convocat
718 1235 787 1271 per
819 1223 874 1259 M.
913 1223 1094 1260 Porcium
1128 1224 1292 1260 Laecam
1302 1239 1311 1272 3

126 1291 269 1340 ibique,
300 1289 425 1325 multa
455 1288 501 1324 de
530 1288 686 1336 ignavia
720 1301 853 1324 eorum
887 1292 1055 1337 questus,
1092 1289 1205 1325 docet
1240 1292 1314 1325 “se

128 1355 322 1392 Manlium
341 1352 582 1402 praemisisse
607 1352 656 1388 ad
683 1365 767 1389 eam
791 1352 1086 1389 multitudinem
1118 1366 1235 1402 quam
1266 1354 1314 1390 ad

127 1419 314 1468 capienda
333 1429 439 1453 arma
458 1420 662 1466 paraverat
675 1430 685 1463 3
717 1416 813 1453 item
828 1417 921 1470 alios
936 1418 979 1453 in
993 1417 1070 1453 alia
1085 1417 1167 1454 loca
1182 1431 1316 1466 oppor-

128 1489 236 1530 tuna,
258 1482 327 1531 qui
345 1481 504 1517 initium
530 1480 623 1516 belli
650 1481 821 1517 facerent
834 1495 844 1528 3
877 1494 992 1530 seque
1023 1481 1072 1518 ad
1102 1470 1316 1518 exercitum

129 1547 319 1598 proficisci
338 1559 487 1595 cupere,
510 1545 542 1581 si
561 1545 670 1594 prius
685 1544 908 1581 Ciceronem
928 1545 1180 1594 oppressisset
1189 1559 1200 1592 3
1228 1558 1318 1581 eum

130 1613 209 1650 suis
230 1611 400 1649 consiliis
419 1610 587 1646 multum
608 1608 803 1645 obficere.'⁷

210 1675 420 1714 XXVIII.
479 1673 618 1723 Igitur,
641 1673 858 1722 perterritis
873 1682 916 1709 ac
931 1673 1202 1709 dubitantibus
1218 1676 1316 1710 cete-

131 1743 195 1787 ris,
219 1741 259 1777 C.
283 1739 496 1784 Cornelius,
519 1750 635 1786 eques
656 1737 867 1784 Romanus,
890 1750 1046 1786 operam
1073 1750 1182 1773 suam
1206 1738 1317 1786 polli-

132 1807 242 1852 citus,
267 1810 304 1842 et
324 1818 412 1842 cum
432 1817 477 1840 eo
504 1803 546 1840 L.
578 1802 857 1851 VargunteiuS‚
886 1806 1050 1848 senator,
1084 1802 1319 1838 constituere

133 1884 178 1908 ea
202 1874 314 1907 nocte
344 1869 475 1918 paullo
508 1871 595 1916 post
626 1880 713 1903 cum
744 1867 905 1903 armatis
935 1867 1169 1912 hominibus,
1205 1866 1321 1903 sicuti

133 1936 356 1979 salutatum,
397 1932 558 1969 introire
595 1931 644 1967 ad
682 1931 916 1977 Ciceronem,
957 1944 1000 1967 ac
1033 1931 1079 1967 de
1112 1931 1320 1980 improviso

134 2000 237 2036 (lomi
268 2010 358 2034 suae
384 1997 619 2045 imparatum
645 1995 857 2031 confodere.
918 1994 1059 2031 Curius
1085 1995 1153 2030 ubi
1179 1994 1322 2030 intelli-

134 2063 192 2112 git
221 2065 412 2112 quantum
442 2059 605 2109 periculi
631 2059 780 2095 consuli
805 2059 1037 2108 impendeat,
1066 2071 1228 2107 propere
1253 2070 1323 2107 per

135 2128 316 2165 Fulviam
354 2125 486 2161 dolum
523 2124 591 2173 qui
633 2124 846 2172 parabatur
893 2122 1086 2159 enunciat.
1150 2122 1216 2158 Ita
1262 2122 1323 2158 illi

131 2193 253 2242 janua
287 2189 476 2241 prohibiti
515 2192 669 2224 tantum
706 2189 854 2225 facinus
885 2188 1031 2224 frustra
1062 2191 1320 2235 susceperant.
