1543 2449
417 101 709 140 SALLUSPII
741 99 1046 139 JUGURTJIA.
1273 101 1321 137 85

147 190 363 224 terrentur:
393 186 582 234 simulque
606 186 762 222 barbari
784 185 931 222 animos
956 185 1102 230 tollere,
1123 193 1164 221 et
1182 185 1223 221 in
1241 198 1323 234 per-

147 251 271 288 culsos
290 250 486 286 Romanos
505 250 631 286 acrius
653 249 837 286 incedere.
895 250 1062 298 Jamque
1081 249 1254 297 paullum
1274 249 1323 284 ab

146 314 239 363 fuga
273 313 446 359 aberant,
479 327 598 362 quum
636 313 755 359 Sulla,
788 314 1000 363 profligatis
1036 313 1095 359 iis,
1129 325 1224 362 quos
1260 313 1324 349 ad-

146 390 299 414 versum
336 377 445 422 ierat,
484 376 635 413 Mauris
672 377 720 413 ab
757 377 876 413 latore
916 376 1089 412 incurrit.
1148 375 1323 412 Bocchus

145 441 278 477 statim
304 441 504 476 avertitur.
562 440 622 475 At
645 440 672 476 J
677 439 856 487 ugurtha,
877 440 969 476 dum
995 443 1212 476 sustentare
1235 451 1323 475 suos

140 492 186 539 'et
215 516 334 552 prope
361 504 443 551 jam
473 503 653 551 adeptam
681 502 883 538 victoriam
912 502 1079 538 retinere
1107 501 1226 550 cupit,
1256 501 1324 537 cir-

145 572 374 606 cumventus
400 568 448 603 ab
476 567 682 615 equitibus,
710 566 858 611 dextra,
883 566 1040 602 sinistra
1064 565 1242 601 omnibus
1267 577 1325 600 oc-

145 632 244 677 cisis,
259 631 360 667 solus
379 631 482 666 inter
496 630 574 666 tela
592 630 761 666 hostium
777 629 1014 665 vitabundus
1030 629 1206 678 erumpit.
1252 629 1324 664 At-

144 708 219 745 que
241 695 397 731 interim
423 693 574 730 Marius
593 693 738 742 fugatis
764 693 959 742 equitibus
985 693 1153 729 occurrit
1178 692 1325 728 auxilio

145 759 237 804 suis,
259 771 354 807 quos
373 758 465 806 pelli
485 757 567 805 jam
586 760 794 805 acceperat.
853 756 1033 805 Denique
1057 756 1186 792 hostes
1213 755 1324 791 undi-

144 836 219 871 que
234 822 320 858 fusi.
371 822 468 858 Tum
489 821 749 869 spectaculum
770 820 954 856 horribile
973 820 1014 855 in
1030 819 1173 868 campis
1193 823 1325 867 paten-

146 887 273 933 tibus,
297 886 416 934 sequi,
437 884 581 933 fugere,
602 883 735 928 occidi,
757 883 865 931 capi,
889 883 989 932 equi,
1009 883 1084 918 viri
1111 882 1255 928 afflicti,
1282 895 1326 918 ac

146 950 260 986 multi
288 948 513 984 vulneribus
541 946 709 995 acceptis
737 958 861 994 neque
889 945 1022 994 fugere
1050 958 1172 994 posse,
1201 958 1326 994 neque

146 1015 314 1063 quietem
334 1013 415 1062 pati
426 1027 435 1059 3
455 1012 529 1048 niti
548 1011 672 1056 modo,
687 1023 730 1046 ac
746 1010 878 1046 statim
895 1009 1112 1046 concidere:
1133 1013 1327 1058 postremo

146 1079 286 1124 omnia,
310 1091 386 1127 qua
411 1078 517 1113 visus
543 1080 637 1121 erat,
665 1079 861 1111 constrata
886 1074 985 1118 telis,
1012 1074 1141 1119 armis,
1171 1073 1328 1109 cadave-

147 1144 265 1188 ribus,
286 1146 325 1178 et
343 1142 446 1177 inter
464 1154 509 1177 ea
527 1140 668 1176 humus
687 1139 832 1175 infecta
851 1138 1046 1187 sanguine.

226 1207 313 1244 GH.
373 1206 513 1242 Postea
542 1205 617 1241 loci
647 1204 780 1240 consul
812 1203 917 1240 haud
949 1202 1066 1239 dubie
1093 1201 1175 1250 jam
1203 1201 1329 1238 victor

146 1271 325 1321 pervenit
351 1269 393 1305 in
418 1268 603 1317 oppidum
629 1268 789 1313 Cirtam,
810 1280 886 1316 quo
911 1266 1024 1302 initio
1049 1265 1246 1314 profectus
1273 1264 1329 1300 in-

146 1336 334 1373 tenderat.
394 1333 452 1370 Eo
480 1336 568 1381 post
595 1332 697 1368 diem
726 1332 918 1380 quintum,
939 1343 1055 1379 quam
1079 1330 1221 1366 iterum
1245 1329 1316 1365 bar

146 1400 231 1436 bari
258 1398 357 1434 male
384 1400 664 1446 pugnaverant,
688 1396 807 1444 legati
834 1409 857 1432 a
886 1394 1037 1432 Boccho
1065 1394 1241 1438 veniunt,
1261 1393 1329 1441 qui

148 1463 247 1511 regis
273 1461 401 1497 verbis
426 1461 474 1496 ab
500 1460 628 1496 Mario
650 1460 834 1508 petivere,
857 1463 878 1479 “
892 1459 968 1495 duo
988 1471 1104 1507 quam
1123 1457 1329 1493 fidissimos

148 1526 197 1562 ad
226 1538 313 1562 eum
333 1525 529 1560 mitteret:
558 1523 657 1559 velle
685 1522 732 1559 cle
760 1535 829 1559 suo
857 1526 897 1558 et
924 1521 971 1558 de
999 1521 1133 1570 populi
1161 1520 1330 1556 Romani

149 1588 348 1624 commodo
368 1600 455 1623 cum
474 1587 522 1623 iis
541 1586 760 1623 disserere.’'
816 1586 890 1622 Ele
909 1586 1042 1622 statim
1062 1585 1103 1621 L.
1124 1585 1271 1621 Sullam
1291 1588 1331 1620 et

150 1653 199 1688 A.
228 1651 421 1687 Manlium
447 1651 503 1686 ire
523 1651 644 1699 jubet.
705 1650 782 1694 Qui
807 1663 1041 1698 quamquam
1067 1649 1182 1685 acciti
1206 1648 1328 1693 ibant,

150 1722 281 1752 tamen
306 1715 453 1764 placuit
476 1715 594 1751 verba
618 1714 722 1763 apud
748 1718 874 1763 regem
895 1714 1032 1759 facere,
1054 1714 1113 1749 uti
1132 1713 1330 1761 ingenium

149 1785 220 1817 aut
246 1793 423 1816 aversum
452 1780 662 1825 flecterent,
689 1783 759 1815 aut
786 1778 969 1827 cupidum
997 1778 1102 1826 pacis
1130 1777 1331 1813 vehemen-

150 1846 229 1881 tius
254 1844 516 1898 accenderent.
574 1843 714 1892 Itaque
738 1843 856 1888 Sulla,
878 1842 988 1889 cujus
1015 1841 1231 1886 facundiae,
1252 1853 1331 1877 non

150 1910 283 1954 aetati,
304 1922 326 1945 a
351 1909 501 1944 Manlio
520 1921 753 1953 concessum,
773 1920 896 1956 pauca
924 1907 1042 1942 verba
1067 1905 1332 1953 hujuscemodi

151 1973 325 2010 locutus:
347 1973 466 2008 “Rex
486 1972 648 2017 Bocche,
669 1984 808 2019 magna
826 1971 937 2006 nobis
957 1969 1107 2006 laetitia
1126 1973 1195 2015 est,
1212 1982 1331 2017 quum

151 2043 191 2074 te
209 2037 327 2073 talem
346 2037 473 2072 virum
493 2036 533 2072 di
552 2048 745 2081 monuere,
759 2035 818 2071 uti
837 2034 1045 2083 aliquando
1064 2046 1196 2082 pacem
1216 2047 1331 2082 quam

152 2100 296 2137 bellum
322 2099 467 2144 malles,
487 2111 564 2134 neu
589 2102 628 2135 te
654 2098 843 2147 optimum
863 2110 948 2134 cun]
976 2097 1141 2146 pessimo
1160 2097 1331 2132 omnium

153 2163 180 2200 J
184 2162 352 2212 ugurtha
383 2161 578 2198 miscendo
615 2161 936 2208 commaculares,
974 2159 1089 2196 simul
1125 2159 1236 2196 nobis
1273 2159 1333 2196 de-
