1543 2449
409 125 704 163 SALLUSTIJ
735 123 1040 161 JUGURTIIA.
1260 122 1304 159 47

215 209 298 246 LV.
358 209 522 245 Interim
543 209 690 246 Romae
709 209 892 257 gaudium
920 208 1054 256 ingens
1082 210 1208 243 ortum
1229 219 1309 255 cog-

138 273 229 308 nitis
250 272 401 308 Metelli
420 273 533 308 rebus
547 285 556 318 3
586 276 631 307 ut
649 285 764 320 seque
783 275 823 307 et
841 271 1053 307 exercitum
1073 283 1177 306 more
1198 271 1310 318 majo-

138 350 222 372 rum
254 340 413 384 gereret,
444 336 485 371 in
515 336 676 372 adverso
714 336 807 381 loco,
841 335 966 371 vietor
1002 338 1133 370 tamen
1164 335 1310 370 virtute

137 400 284 444 fuisset,
318 399 486 435 hostium
517 412 607 447 agro
639 399 842 448 potiretur,
872 398 1109 447 Jugurtham
1142 399 1311 447 magnifi-

129 475 224 505 ,cum
245 475 293 498 ex
313 463 409 498 Auli
436 463 607 499 secordia
635 476 740 511 spem
773 462 909 498 salutis
939 463 980 498 in
1008 463 1215 499 solitudine
1243 468 1312 499 aut

138 526 230 574 fuga
260 526 443 574 coegisset
473 526 622 562 habere.
681 526 821 574 Itaque
841 529 998 562 senatus
1017 527 1065 562 ob
1084 539 1129 563 ea
1147 527 1312 564 feliciter

138 594 223 624 acta
260 589 318 624 dis
363 589 645 624 immortalibus
689 588 878 636 supplicia
923 588 1137 634 decernere,
1176 590 1312 625 civitas

141 652 289 701 trepida
316 656 430 688 antea
457 656 497 688 et
524 652 688 687 sollicita
710 651 757 687 de
785 652 878 687 belli
905 656 1049 688 eventu
1069 653 1170 689 laeta
1188 666 1310 701 agere,

138 718 185 753 de
215 717 375 753 Metello
407 716 511 752 fama
539 717 736 764 praeclara
767 729 856 752 esse.
916 716 1046 765 Igitur
1064 730 1108 753 eo
1126 717 1314 754 intentior

139 782 187 818 ad
215 782 415 817 victoriam
444 781 530 825 niti,
560 781 737 816 omnibus
774 780 897 816 modis
934 780 1141 827 festinare3
1179 794 1312 817 cavere

139 851 279 890 tamen,
300 845 438 881 necubi
456 844 558 880 hosti
577 848 816 892 opportunus
836 844 955 889 fieret,
976 845 1206 890 meminisse,
1227 849 1313 893 post

138 909 299 956 gloriam
332 908 519 943 invidiam
547 907 663 955 sequi.
723 907 799 952 Ita,
833 920 908 955 quo
942 908 1090 953 clarior,
1121 921 1164 944 eo
1192 908 1313 956 magis

138 971 258 1006 animi
300 971 440 1006 anxius
480 974 574 1015 erat,
613 982 736 1018 neque
773 974 861 1018 post
897 971 1057 1007 insidias
1093 972 1313 1020 Jugurthae

138 1038 257 1073 effuso
276 1035 448 1072 exercitu
467 1035 644 1083 praedari
650 1048 660 1081 3
689 1035 755 1070 ubi
770 1035 966 1071 frumento
981 1039 1051 1071 aut
1061 1036 1203 1084 pabulo
1218 1048 1313 1084 opus

138 1105 232 1146 erat,
246 1101 420 1136 cohortes
435 1112 521 1135 cum
535 1099 639 1135 omni
654 1100 832 1147 equitatu
844 1100 1079 1148 praesidium
1095 1101 1312 1149 agitabant,

138 1164 330 1200 exercitus
348 1167 498 1211 partem
517 1163 609 1211 ipse,
630 1163 798 1211 reliquos
826 1163 976 1200 Marius
1005 1164 1179 1201 ducebat.
1239 1165 1313 1201 Sed

138 1227 218 1276 igni
249 1227 381 1275 magis,
411 1239 525 1275 quam
555 1226 708 1274 praeda,
737 1239 828 1275 ager
856 1228 1092 1264 vastabatur.
1151 1228 1314 1264 Duobus

139 1292 231 1328 locis
266 1291 371 1327 haud
407 1292 519 1339 longe
551 1292 653 1327 inter
682 1304 721 1328 se
751 1296 877 1328 castra
913 1292 1130 1340 faciebant3
1177 1294 1245 1330 ubi
1273 1296 1313 1330 vi

138 1369 233 1405 opus
261 1360 355 1401 erat,
384 1355 515 1391 cuncti
542 1355 704 1391 aderant
717 1369 726 1402 3
764 1360 945 1402 ceterum,
975 1370 1050 1405 quo
1077 1358 1171 1406 fuga
1198 1362 1313 1406 atque

138 1421 302 1457 formido
322 1420 438 1456 latius
458 1423 655 1464 cresceret,
672 1419 814 1456 diversi
833 1421 1007 1468 agebant.
1066 1421 1124 1457 Eo
1143 1425 1313 1470 tempore

140 1485 166 1522 J
170 1485 337 1533 ugurtha
362 1497 432 1533 per
459 1484 573 1520 colles
602 1484 720 1532 sequi,
742 1488 893 1533 tempus
913 1489 982 1520 aut
1009 1485 1134 1521 locum
1162 1498 1313 1534 pugnae

140 1562 332 1598 quaerere,
367 1562 443 1597 qua
480 1552 687 1584 venturum
730 1548 878 1584 hostem
912 1548 1099 1594 audierat,
1129 1550 1312 1597 pabulum

140 1618 180 1648 et
198 1625 383 1662 aquarum
403 1612 541 1657 fontes,
562 1625 724 1660 quorum
753 1613 915 1661 penuria
943 1616 1037 1658 erat,
1059 1626 1311 1662 corrumpere,

141 1676 252 1712 modo
285 1689 323 1712 se
356 1676 527 1721 Metello,
558 1676 754 1712 interdum
784 1676 912 1712 Mario
940 1676 1151 1722 ostendere,
1172 1682 1314 1725 postre-

142 1752 222 1775 mos
253 1740 295 1775 in
322 1740 472 1787 agmine
499 1743 662 1785 tentare,
692 1752 735 1775 ac
764 1740 896 1775 statim
928 1739 970 1775 in
1000 1740 1113 1776 colles
1141 1740 1312 1788 regredi,

141 1816 273 1839 rursus
301 1803 397 1848 aliis,
430 1806 518 1851 post
548 1803 633 1838 aliis
666 1803 851 1847 minitari,
885 1815 1008 1850 neque
1040 1803 1227 1851 proelium
1260 1804 1313 1840 fa-

142 1879 236 1911 cere,
270 1878 392 1913 neque
429 1865 551 1901 otium
582 1865 676 1913 pati,
710 1865 979 1900 tantummodo
1006 1865 1155 1901 hostem
1183 1867 1232 1902 ab
1259 1867 1314 1902 in-

141 1933 251 1977 cepto
270 1929 444 1963 retinere.

220 1991 328 2028 LVI.
387 1991 586 2027 Romanus
614 1991 824 2039 imperat-or
860 1991 928 2026 ubi
956 2003 995 2027 se
1023 1991 1120 2028 dolis
1157 1991 1313 2041 fatigari

141 2055 260 2100 videt,
290 2067 414 2102 neque
442 2055 490 2089 ab
517 2054 625 2090 hoste
654 2055 801 2102 copiam
829 2054 1028 2102 pugnandi
1055 2055 1149 2101 fieri,
1179 2057 1311 2093 urbem

141 2131 319 2168 magnam
347 2122 387 2154 et
414 2118 454 2153 in
487 2130 531 2153 ea
557 2121 679 2166 parte,
709 2130 784 2166 qua
812 2118 887 2153 sita
914 2121 1008 2163 erat,
1038 2131 1163 2155 arcem
1192 2120 1311 2168 regni,

143 2183 296 2219 nomine
315 2182 484 2226 Zamam,
505 2181 644 2217 statuit
662 2194 882 2230 oppugnare
895 2194 904 2227 5
933 2185 1052 2227 ratus,
1072 2182 1112 2218 id
1131 2183 1234 2231 quod
1251 2196 1313 2220 ne-
