1502 2449
458 124 589 163 SALL
598 125 748 163 USTII
764 130 769 131 ⁷
784 124 1053 164 CATILINA.
1295 130 1344 166 43

167 223 272 260 tione
309 235 396 259 cum
431 223 599 270 factioso,
640 224 706 261 sed
743 237 829 260 cum
866 227 1024 260 strenuo
1061 223 1219 270 virtute,
1259 237 1345 261 cum

167 287 338 324 modesto
356 287 511 336 pudore,
540 301 627 324 cum
652 289 856 325 innocente
875 288 1116 324 abstinentia
1142 289 1317 325 certabat
1333 303 1344 336 3

168 365 259 397 esse,
293 364 409 400 quam
441 352 578 398 videri,
612 353 735 389 bonus
771 353 966 389 malebat:
1008 352 1076 398 ita,
1109 364 1185 401 quo
1217 352 1346 390 minus

167 415 326 464 gloriam
345 415 514 464 petebat,
535 429 579 452 eo
598 417 720 466 magis
740 418 980 466 sequebatur.

243 478 329 517 LV.
388 479 611 529 Postquam,
639 484 685 517 ut
710 481 804 527 dixi,
826 485 983 518 senatus
1008 481 1051 517 in
1077 481 1235 518 Catonis
1261 495 1344 519 sen-

166 542 332 578 tentiam
346 542 543 589 -discessit,
572 544 705 581 consul
730 545 920 593 optimum
947 544 1093 581 factum
1120 549 1230 582 ratus
1257 559 1344 583 noc-

165 610 245 643 tem
264 619 362 655 quae
382 607 555 644 instabat
575 611 811 657 antecapere,
833 622 882 645 ne
903 609 995 657 quid
1015 622 1059 645 eo
1082 610 1207 658 spatio
1232 623 1346 647 nova-

166 673 286 716 retur,
313 671 538 707 triumviros
566 684 664 720 quae
693 672 925 720 supplicium
953 673 1186 721 postulabat,
1212 687 1346 723 parare

161 733 299 781 jubet;
332 734 423 782 ipse,
453 734 648 783 dispositis
676 735 889 784 praesidiis,
920 736 1129 773 Lentulum
1157 737 1200 773 in
1228 750 1347 774 carce-

166 810 245 833 rem
266 798 447 844 deducit;
472 798 574 835 idem
595 800 640 835 fit
658 800 794 836 ceteris
813 813 882 849 per
900 804 1104 849 praetores.
1155 801 1228 838 Est
1241 801 1346 838 locus

166 859 208 896 in
227 873 388 906 carcere,
410 861 512 909 quod
538 862 760 898 Tullianum
787 862 1016 911 appellatur,
1038 863 1104 899 ubi
1129 864 1344 912 paullulum

166 923 379 960 ascenderis
407 924 456 960 ad
484 924 645 969 laevam,
675 924 829 961 circiter
856 925 1059 961 duodecim
1092 926 1207 974 pedes
1236 926 1346 963 humi

166 987 375 1036 depressus.
433 988 534 1023 Eum
553 988 738 1024 muniunt
761 988 932 1038 undique
952 990 1127 1038 parietes,
1150 994 1267 1039 atque
1286 991 1344 1027 in-

165 1064 280 1099 super
298 1064 457 1097 camera‚
485 1051 647 1100 lapideis
666 1052 879 1089 fornicibus
905 1053 1038 1090 vineta
1050 1067 1061 1100 3
1089 1054 1155 1090 sed
1180 1054 1343 1102 incultu,

165 1116 343 1161 tenebris,
373 1116 488 1152 odore
516 1116 628 1153 foeda
655 1121 772 1166 atque
799 1118 986 1154 terribilis
1015 1119 1097 1166 ejus
1126 1119 1244 1156 facies
1273 1124 1340 1157 est.

163 1179 213 1216 In
240 1192 330 1216 eum
358 1180 483 1216 locum
506 1186 709 1229 postquam
735 1180 923 1217 demissus
951 1186 1009 1217 est
1034 1182 1236 1229 Lentulus,
1264 1183 1346 1219 vin-

163 1243 265 1281 dices
283 1257 412 1280 rerum
432 1244 655 1293 capitalium
675 1244 815 1293 quibus
835 1248 1079 1294 praeceptum
1106 1250 1190 1282 erat
1209 1246 1345 1296 laqueo

161 1308 292 1357 gulam
316 1308 473 1358 fregere.
531 1307 596 1344 Ita
622 1308 686 1344 ille
711 1307 898 1356 patricius
924 1321 973 1344 ex
999 1309 1209 1345 clarissima
1230 1314 1344 1358 gente

163 1371 438 1418 Corneliorum,
455 1372 522 1420 qui
538 1372 735 1408 consulare
750 1372 955 1421 imperium
974 1373 1123 1410 Romae
1142 1374 1342 1420 habuerat,

161 1435 322 1484 dignum
345 1436 515 1472 moribus
538 1435 726 1485 factisque
755 1437 834 1472 suis
861 1436 1026 1472 exitium
1053 1437 1156 1473 vitae
1179 1436 1339 1474 invenit.

162 1500 221 1536 De
248 1500 425 1549 Cethego,
454 1500 619 1546 Statilio,
650 1500 827 1548 Gabinio,
858 1500 1044 1549 Caepario
1071 1500 1205 1537 eodem
1230 1501 1343 1538 modo

159 1565 391 1615 supplicium
416 1570 614 1614 sumptum
639 1569 704 1602 est.

238 1629 348 1667 LVI.
407 1629 514 1666 Dum
535 1643 578 1666 ea
598 1630 746 1666 Romae
765 1634 964 1679 geruntur,
985 1630 1155 1667 Catilina
1170 1644 1219 1667 ex
1238 1630 1342 1667 omni

159 1695 277 1744 copia,
308 1708 424 1744 quam
453 1699 492 1731 et
520 1695 600 1744 ipse
628 1695 847 1731 adduxerat
875 1699 914 1732 et
943 1696 1118 1732 Manlius
1140 1695 1339 1744 habuerat,

159 1759 255 1796 duas
279 1759 447 1808 legiones
473 1759 658 1807 instituit,
686 1760 862 1796 cohortes
890 1773 958 1809 pro
984 1773 1144 1797 numero
1172 1761 1340 1797 militum

158 1824 323 1873 complet
341 1838 348 1861 :
378 1824 527 1870 deinde,
549 1828 594 1861 ut
620 1825 780 1873 quisque
801 1825 1046 1862 voluntarius
1070 1829 1139 1862 aut
1159 1838 1207 1862 ex
1229 1826 1340 1862 sociis

156 1888 200 1925 in
234 1891 360 1925 castra
397 1892 567 1934 venerat,
601 1888 815 1937 aequaliter
852 1888 1116 1936 distribuerat,
1148 1901 1191 1925 ac
1228 1889 1339 1926 brevi

157 1953 282 2002 spatio
319 1953 487 2001 legiones
523 1966 684 1989 numero
717 1953 919 1989 hominum
951 1953 1186 2002 expleverat,
1219 1967 1338 2003 quum

155 2017 270 2053 initio
288 2029 367 2053 non
386 2017 551 2065 amplius
570 2017 720 2053 duobus
741 2017 912 2053 millibus
931 2017 1137 2054 habuisset.
1195 2018 1270 2055 Sed
1289 2032 1338 2055 ex

156 2080 262 2117 omni
281 2082 390 2130 copia
409 2081 562 2118 circiter
579 2093 672 2130 pars
688 2084 827 2130 quarta
854 2085 937 2118 erat
960 2082 1195 2120 militaribus
1220 2084 1337 2120 armis

155 2144 345 2182 instructa
357 2160 368 2193 ,-
398 2145 525 2192 ceteri,
547 2149 593 2182 ut
612 2158 802 2195 quemque
822 2158 931 2182 casus
955 2151 1184 2193 armaverat,
1206 2160 1337 2196 sparos

154 2212 225 2248 aut
238 2209 401 2260 lanceas,
421 2209 492 2255 alii*
502 2213 727 2259 praeacutas
743 2209 857 2247 sudes
872 2210 1091 2259 portabant.
1134 2210 1220 2258 Sed,
1237 2215 1336 2260 post-
