1543 2449
436 89 729 129 SALLUSTII
761 91 868 129 JUG
878 90 1071 129 URTHA.
1302 94 1350 132 93

179 180 293 213 antea
318 189 404 213 cum
430 177 726 226 imperatoribus
752 177 938 214 Romanis
965 189 1096 226 pacem
1122 181 1350 214 conventam

178 239 325 276 frustra
360 239 488 276 fuisse.
550 240 729 277 Ceterum
767 240 800 276 si
836 241 1021 276 ambobus
1058 240 1276 276 consultum
1312 245 1353 277 et

177 305 302 338 ratam
321 315 453 351 pacem
474 303 602 348 vellet,
623 303 733 339 daret
751 315 916 351 operam,
937 307 983 339 ut
1005 316 1083 339 una
1106 303 1155 338 ab
1174 303 1351 339 omnibus

177 365 287 414 quasi
324 365 371 401 de
407 378 499 414 pace
536 366 577 401 in
610 366 841 414 colloquium
874 366 1084 411 veniretur,
1117 366 1246 414 ibique
1278 366 1351 402 sibi

149 475 154 482 .
178 428 324 465 Sullam
344 429 515 465 traderet
522 442 531 475 3
552 441 669 477 quum
690 429 806 464 talem
826 429 952 464 virum
972 429 1013 464 in
1031 432 1222 477 potestate
1240 428 1352 465 habe—

177 496 247 538 ret,
268 496 352 528 tum
372 493 465 538 fore,
487 493 545 528 uti
565 493 677 540 jussu
702 496 858 528 senatus
884 496 1000 540 atque
1024 492 1158 541 populi
1184 492 1351 528 Romani

177 557 312 594 foedus
340 557 470 593 fieret:
504 569 627 605 neque
657 556 850 592 hominem
880 557 1059 601 nobilem,
1089 569 1167 592 non
1199 569 1269 592 sua
1300 556 1352 604 ig-

176 620 293 657 navia
321 620 386 657 sed
414 621 462 656 ob
490 619 777 668 rempublicam,
807 619 849 654 in
876 618 1046 655 hostium
1074 623 1266 667 potestate
1298 632 1353 655 re-

177 685 313 721 lictum
332 684 414 720 iri.''

258 748 412 785 CXIII.
471 747 581 783 Haec
618 746 782 782 Maurus
819 758 947 782 secum
980 746 1061 794 ipse
1094 746 1161 782 diu
1193 746 1352 782 volvens

177 811 334 848 tandem
371 810 570 860 promisit,
608 814 777 845 ceterum
810 809 898 845 dolo
930 822 981 844 an
1013 822 1102 845 vere
1135 813 1350 854 cunctatus,

175 887 312 923 parum
350 873 612 922 comperimus.
685 872 759 908 Sed
795 872 1021 920 plerumque
1057 873 1183 920 regiae
1220 873 1352 909 volun-

177 942 289 983 tates,
320 941 366 973 ut
401 937 658 981 vehementes,
692 936 745 971 sic
781 936 954 981 mobiles,
989 948 1100 984 saepe
1137 936 1242 984 ipsae
1279 937 1352 972 sibi

177 1002 367 1038 adversae.
427 1001 566 1036 Postea
591 1004 761 1048 tempore
790 1004 830 1035 et
857 999 939 1036 loco
968 1000 1190 1045 constituto,
1215 1000 1256 1036 in
1282 1000 1353 1036 col-

177 1066 347 1114 loquium
374 1065 433 1100 uti
458 1064 505 1100 de
524 1077 616 1112 pace
636 1064 845 1109 veniretur,
866 1064 1041 1100 Bocchus
1061 1065 1207 1101 Sullam
1227 1065 1350 1111 modo,

176 1128 289 1164 modo
321 1128 347 1164 J
352 1127 540 1175 ugurthae
568 1127 737 1175 legatum
770 1128 974 1176 appellare,
1003 1128 1167 1177 benigne
1199 1128 1350 1174 habere,

176 1192 278 1227 idem
310 1192 495 1227 ambobus
531 1191 711 1239 polliceri.
771 1190 837 1226 Illi
873 1191 1019 1239 pariter
1053 1192 1157 1237 laeti,
1191 1205 1235 1228 ac
1272 1193 1352 1240 spei

176 1255 299 1290 bonae
326 1253 439 1302 pleni.
499 1253 574 1290 Sed
602 1257 713 1289 nocte
742 1266 797 1298 ea,
828 1266 925 1302 quae
952 1255 1129 1303 proxima
1156 1254 1235 1291 fuit
1262 1259 1352 1291 ante

176 1317 278 1353 diem
304 1316 493 1364 colloquio
516 1316 724 1361 decretum,
746 1316 909 1353 Maurus
934 1317 1119 1354 adhibitis
1144 1318 1288 1363 amicis,
1309 1331 1352 1354 ac

177 1381 321 1426 statim,
354 1380 561 1416 immutata
593 1380 806 1426 voluntate,
840 1382 1009 1427 remotis,
1043 1382 1187 1418 dicitur
1224 1395 1351 1419 secum

176 1445 257 1493 ipsc
294 1445 418 1480 multa
454 1444 670 1492 agitavisse,
705 1444 819 1480 vultu
851 1446 1019 1493 corporis
1055 1446 1201 1494 pariter
1237 1450 1352 1495 atque

177 1509 305 1544 animo
342 1508 495 1554 varius,
540 1521 636 1556 quae
680 1509 837 1554 scilicet,
875 1513 1028 1546 tacente
1070 1510 1164 1559 ipso,
1203 1512 1353 1547 occulta

176 1573 341 1622 pectoris
370 1573 604 1621 patefecisse.
663 1573 808 1609 Tamen
835 1579 1028 1622 postremo
1057 1575 1203 1612 Sullam
1232 1590 1352 1613 accer-

176 1636 244 1672 siri
258 1636 381 1684 jubet,
396 1640 435 1672 et
453 1649 501 1672 ex
516 1636 598 1684 ejus
614 1637 806 1673 sententia
820 1637 1016 1675 Numidae
1035 1638 1194 1675 insidias
1213 1640 1348 1677 tendit.

176 1699 340 1745 Deinde,
373 1699 440 1735 ubi
472 1699 552 1735 dies
585 1688 755 1746 advenit,
785 1705 825 1737 et
856 1702 892 1737 ei
923 1703 1151 1738 nunciatum
1184 1707 1254 1749 est,
1282 1704 1352 1740 Ju-

176 1763 356 1811 gurtham
386 1763 490 1799 haud
523 1764 656 1812 procul
688 1764 831 1809 abesse,
866 1777 952 1801 cum
985 1766 1117 1814 paucis
1150 1767 1282 1803 amicis
1314 1772 1353 1804 et

177 1831 377 1876 quaestore
402 1833 545 1873 nostro,
567 1829 676 1876 quasi
699 1829 835 1865 obvius
853 1829 1009 1865 honoris
1029 1842 1163 1866 caussa
1180 1831 1353 1878 procedit

176 1891 218 1927 in
254 1891 448 1927 tumulum
484 1891 712 1928 facillimum
745 1893 832 1928 visu
864 1893 1147 1929 insidiantibus.
1206 1893 1351 1930 Eodem

177 1954 351 1990 Numida
383 1967 470 1990 cum
502 1955 694 2003 plerisque
726 1955 950 1991 necessariis
983 1956 1061 1991 suis
1094 1956 1263 2002 inermis,
1293 1958 1353 1993 uti

177 2018 323 2054 dictum
354 2022 448 2063 erat,
479 2019 627 2054 accedit
642 2033 652 2065 3
685 2032 728 2055 ac
761 2019 893 2055 statim
924 2019 1032 2068 signo
1062 2019 1154 2056 dato
1181 2021 1352 2070 undique

177 2081 291 2117 simul
320 2094 367 2117 ex
396 2081 545 2117 insidiis
573 2082 781 2118 invaditur.
842 2082 970 2119 Ceteri
1002 2083 1245 2120 obtruncati:
1282 2084 1310 2120 J
1315 2097 1352 2120 11-
