1543 2449
211 104 259 140 62
485 99 781 140 SALLUSTJI
814 97 1124 135 JUGURTHA.

210 192 329 225 noctu
347 187 522 237 profugit
535 201 544 234 3
573 198 698 235 neque
717 188 853 234 postea
871 184 914 220 in
932 184 1012 220 ullo
1031 183 1115 220 1000
1135 181 1302 231 amplius
1316 173 1395 216 uno

211 252 273 289 die
310 256 380 288 aut
416 264 495 288 una
526 254 639 286 nocte
669 252 854 294 moratus,
889 248 1099 284 simulabat
1135 260 1217 283 5050
1249 245 1396 294 negotii

211 316 337 365 gratia
354 327 560 364 properare
574 327 584 360 3
614 317 786 349 ceterum
805 312 1064 361 proditionem
1082 311 1259 356 timebat,
1280 322 1396 359 quam

211 380 337 416 vitare
356 391 466 428 posse
486 377 685 414 celeritate
712 377 895 425 putabat:
925 389 1015 412 nam
1035 376 1131 411 talia
1150 375 1311 411 consilia
1329 387 1398 424 per

212 444 335 480 otium
369 446 408 479 et
440 455 489 478 ex
518 441 811 490 opportunitate
840 440 933 488 capi.
1010 439 1071 476 At
1098 439 1296 484 Metellus,
1330 438 1398 474 ubi

212 508 424 557 oppidanos
452 507 597 555 proelio
616 506 800 550 intentos,
821 505 937 541 simul
956 504 1140 553 oppidum
1160 507 1200 540 et
1218 503 1399 552 operibus

213 578 253 610 et
270 573 353 609 loeo
371 572 568 608 munitum
587 570 708 616 videt,
729 570 832 606 vallo
860 569 1040 618 fossaque
1068 568 1221 604 moenia
1241 568 1400 603 circum-

213 635 331 672 venit.
390 633 544 671 Deinde
573 633 667 670 10015
697 645 747 669 ex
776 632 886 681 eopia
910 631 1079 668 maxime
1097 630 1247 666 idoneis
1265 630 1399 665 vineas

214 712 338 748 agere,
376 711 553 747 aggerem
585 697 726 745 jacere,
765 700 806 732 et
841 708 958 744 super
994 707 1172 743 aggerem
1208 693 1399 742 impositis

214 763 388 799 turribus
403 774 499 810 opus
514 764 554 797 et
567 760 816 797 administros
831 759 963 795 tutari.
1023 758 1169 795 Contra
1187 757 1281 793 haec
1297 757 1401 805 oppi—

215 828 308 864 dani
326 827 524 872 festinare,
545 838 704 875 parare:
732 838 890 875 prorsus
919 825 968 861 ab
996 824 1171 872 utrisque
1199 823 1299 859 nihil
1317 822 1402 858 reli-

215 906 335 942 quum
376 892 469 928 fieri.
528 891 708 939 Denique
751 890 932 935 Romani,
974 889 1099 925 multo
1138 892 1229 924 ante
1270 887 1400 923 labore

215 957 447 1007 proeliisque
474 956 642 1004 fatigati,
671 959 760 1004 post
794 954 877 991 dies
914 953 1183 1003 quadraginta,
1213 964 1329 1001 quam
1357 964 1402 987 eo

215 1025 378 1058 ventum
406 1024 501 1066 erat,
532 1019 672 1069 oppido
700 1019 814 1055 modo
850 1018 990 1067 potiti:
1029 1017 1173 1067 praeda
1201 1017 1325 1054 omnis
1353 1017 1402 1052 ab

216 1083 389 1133 perfugis
426 1086 617 1131 corrupta.
694 1081 732 1118 Ii
768 1086 974 1130 postquam
1017 1093 1173 1117 murum
1216 1080 1402 1116 arietibus

216 1149 326 1185 feriri
364 1160 500 1196 resque
534 1159 622 1183 suas
655 1145 816 1182 afflictas
851 1145 999 1191 vident,
1029 1158 1167 1181 aurum
1201 1148 1318 1193 atque
1347 1157 1404 1179 ar-

216 1216 378 1262 gentum
405 1216 445 1248 et
470 1211 558 1256 alia,
579 1223 678 1259 quae
697 1210 823 1259 prima
842 1209 1051 1255 ducuntur,
1072 1209 1229 1245 domum
1257 1204 1404 1257 regiani

217 1279 484 1326 comportant:
524 1275 580 1311 ibi
617 1274 708 1310 vino
747 1277 787 1310 et
823 1273 948 1322 epulis
985 1272 1147 1318 onerati,
1182 1272 1327 1321 illaque
1364 1276 1404 1308 et

217 1343 374 1380 domum
401 1346 441 1379 et
469 1344 591 1378 semet
618 1340 700 1389 igni
728 1343 1005 1388 corrumpunt,
1035 1343 1075 1375 et
1107 1351 1202 1387 quas
1231 1338 1328 1374 vieti
1355 1339 1403 1374 ab

217 1408 394 1444 hostibus
422 1418 566 1456 poenas
593 1407 826 1450 metuerant,
856 1416 920 1440 eas
957 1403 1032 1452 ipsi
1063 1403 1238 1440 volentes
1265 1415 1404 1452 pepen-

218 1473 318 1509 dere.

297 1536 518 1574 LXXVII.
578 1534 654 1572 Sed
686 1534 833 1583 pariter
865 1546 952 1569 cum
983 1536 1097 1582 capta
1133 1531 1255 1568 Thala
1287 1531 1405 1580 legati

219 1614 268 1637 ox
292 1600 434 1650 oppido
460 1599 577 1648 Lepti
602 1599 652 1635 ad
676 1598 883 1635 Metellum
903 1601 1105 1642 venerant,
1126 1600 1293 1642 orantes,
1316 1595 1405 1632 “uti

219 1665 455 1714 praesidium
488 1663 806 1713 praefectumque
839 1675 884 1699 eo
911 1662 1109 1709 mitteret,
1139 1660 1404 1698 Hamilcarem

219 1730 437 1779 quemdam,
467 1729 664 1766 hominem
693 1728 876 1774 nobilem,
907 1727 1127 1773 factiosum,
1156 1726 1268 1763 novis
1290 1725 1406 1762 rebus

219 1794 376 1831 studere
389 1808 399 1841 3
419 1793 625 1830 adversum
645 1805 759 1841 quem
774 1805 900 1842 neque
914 1791 1078 1841 imperia
1091 1790 1404 1840 magistratuum,

219 1871 344 1907 neque
363 1858 466 1907 leges
485 1857 685 1903 valerent,
713 1856 756 1892 ni
774 1855 815 1892 id
833 1855 1051 1900 festinaret,
1071 1854 1112 1890 in
1133 1866 1282 1890 summo
1310 1853 1407 1902 peri-

220 1923 307 1959 culo
326 1936 435 1959 suam
456 1922 633 1967 salutem,
653 1921 810 1957 illorum
830 1919 952 1956 socios
979 1918 1096 1955 fore.''
1152 1917 1257 1954 Nam
1277 1917 1406 1966 Lepti-

220 1987 304 2024 tani
318 1987 399 2035 jam
419 1987 510 2023 inde
538 1999 562 2023 a
588 1985 780 2035 principio
798 1984 891 2021 belli
909 1984 937 2021 J
941 1982 1145 2032 ugurthini
1162 1981 1212 2018 ad
1231 1981 1405 2018 Bestiam

220 2050 417 2089 consulem
437 2053 477 2086 et
494 2053 629 2099 postea
648 2048 815 2086 Romam
842 2048 1041 2094 miserant,
1061 2045 1273 2083 amicitiam
1292 2044 1407 2082 socie-

221 2118 418 2163 tatemque
445 2117 647 2162 rogatum:
675 2112 828 2159 deinde,
848 2112 917 2148 ubi
943 2124 990 2148 ea
1015 2111 1236 2160 impetrata,
1256 2121 1407 2157 semper

220 2179 312 2216 boni
343 2179 550 2228 fidelesque
582 2191 769 2224 mansere,
799 2181 839 2214 et
870 2180 1011 2214 cuncta
1040 2189 1063 2212 a
1092 2175 1237 2221 Bestia,
1257 2173 1406 2210 Albino
