1543 2449
196 98 243 133 42
468 96 766 135 SALLUSTII
797 96 1104 134 JUGURTHA.

194 183 522 229 confirmaturum,
542 187 612 219 aut
629 182 887 218 maximarum
914 195 1186 219 aerumnarum
1214 182 1368 219 initium

195 249 299 285 fore.'

303 249 310 264 '
365 248 432 284 Ad
451 249 522 284 hoc
541 247 702 292 viritim,
723 247 783 282 uti
802 259 991 296 quemque
1019 248 1068 283 ob
1095 247 1262 283 militare
1282 246 1371 283 faci-

194 325 267 348 nus
305 312 469 360 pecunia
509 315 579 347 aut
618 311 762 346 honore
803 310 1008 356 extulerat,
1049 310 1372 347 commonefacere

195 373 368 409 beneficii
390 372 461 417 sui,
482 376 522 407 et
549 384 637 407 eum
664 371 792 419 ipsum
820 371 908 407 aliis
935 375 1152 418 ostentare,
1180 375 1373 419 postremo

195 449 264 485 pro
283 436 467 484 cujusque
487 434 654 483 ingenio,
683 434 912 483 pollicendo,
932 434 1161 479 minitando,
1182 435 1373 470 obtestan-

196 501 244 537 do
263 501 382 536 alium
402 499 478 535 alio
497 499 610 535 modo
630 499 822 545 excitare,
852 511 971 547 quum
990 498 1147 534 interim
1176 498 1371 542 Metellus,

196 566 352 614 ignarus
370 564 540 600 hostium
560 567 691 599 monte
720 563 945 612 degrediens
974 576 1060 598 cum
1089 563 1262 599 exercitu
1290 575 1374 598 con-

197 629 390 678 spicatur,
417 628 543 677 primo
563 627 716 673 dubius,
737 626 922 675 quidnam
942 626 1098 662 insolita
1117 625 1234 661 facies
1253 630 1375 662 osten—

197 694 305 730 deret
313 693 417 744 (nam
431 693 533 728 inter
547 692 715 740 virgulta
727 691 816 740 equi
828 690 1099 739 Numidaeque
1112 689 1374 734 consederant,

197 770 320 805 neque
350 757 464 805 plane
494 756 678 792 occultati
711 755 932 791 humilitate
965 754 1158 798 arborum,
1179 757 1219 789 et
1246 757 1376 789 tamen

197 821 346 866 incerti,
367 820 551 869 quidnam
572 823 682 865 esset,
704 832 790 855 cum
819 823 960 854 natura
988 818 1072 863 loci,
1094 823 1177 854 tum
1198 818 1285 854 dolo
1304 817 1378 866 ipsi

197 888 313 933 atque
342 885 451 933 signa
478 883 664 919 militaria
692 881 917 932 obscurati),
947 882 1048 927 dein,
1077 881 1186 917 brevi
1215 881 1378 930 cognitis

197 948 359 994 insidiis,
380 947 590 996 paullisper
609 959 746 995 agmen
766 946 977 982 constituit.
1037 945 1111 990 Ibi,
1133 945 1379 981 commutatis

198 1014 398 1051 ordinibus
413 1014 454 1049 in
469 1014 629 1050 dextero
641 1014 773 1058 latere,
789 1012 891 1061 quod
906 1011 1124 1060 proximum
1140 1010 1269 1046 hostes
1283 1015 1378 1054 erat,

199 1076 416 1125 triplicibus
435 1076 617 1112 subsidiis
644 1077 765 1112 aciem
793 1075 1003 1111 instruxit:
1033 1074 1136 1110 inter
1163 1073 1380 1121 manipulos

198 1138 416 1174 funditores
444 1142 484 1174 et
512 1138 732 1186 sagittarios
760 1137 962 1186 dispertit,
992 1136 1208 1185 equitatum
1228 1149 1379 1172 omnem

199 1203 241 1239 in
260 1203 440 1239 cornibus
470 1202 583 1247 locat,
613 1215 656 1238 ac
679 1214 802 1250 pauca
829 1213 899 1249 pro
927 1204 1098 1249 tempore
1126 1201 1269 1236 milites
1296 1200 1405 1236 hor-·

200 1271 306 1303 tatus
325 1266 457 1311 aciem,
479 1265 594 1301 sicuti
621 1265 873 1310 instruxerat,
903 1263 1134 1299 transversis
1166 1263 1379 1312 principiis,

199 1329 241 1365 in
259 1329 419 1378 planum
438 1328 604 1364 deducit.

279 1392 321 1430 L.
381 1392 468 1437 Sed,
490 1391 557 1427 ubi
576 1390 769 1427 Numidas
789 1389 939 1438 quietos
958 1401 1082 1437 neque
1102 1389 1197 1425 colle
1225 1388 1381 1437 degredi

201 1454 489 1498 animadvertit,
505 1453 653 1489 veritus
673 1465 721 1488 ex
741 1451 834 1487 anni
848 1455 1020 1499 tempore
1040 1454 1080 1486 et
1097 1450 1229 1499 inopia
1247 1462 1380 1498 aquae,

201 1530 249 1553 ne
269 1517 335 1553 siti
354 1516 606 1552 conficeretur
634 1514 839 1559 exercitus,
870 1513 1067 1549 Rutilium
1095 1513 1266 1561 legatum
1295 1524 1381 1547 cum

202 1580 393 1629 expeditis
421 1579 643 1616 cohortibus
671 1582 711 1614 et
738 1582 848 1626 parte
885 1577 1060 1625 equitum
1097 1575 1298 1624 praemisit
1333 1575 1381 1611 ad

202 1643 357 1688 flumen,
396 1642 455 1678 uti
496 1642 622 1678 locum
666 1640 802 1676 castris
845 1643 1103 1688 antecaperet,
1142 1638 1381 1683 existimans,

203 1708 331 1743 hostes
351 1707 482 1743 crebro
501 1707 650 1755 impetu
669 1709 709 1741 et
727 1704 958 1741 transversis
985 1704 1140 1752 praeliis
1168 1704 1243 1740 iter
1270 1716 1382 1740 suum

203 1775 473 1816 remoraturos,
505 1774 545 1806 et
576 1769 758 1818 quoniam
791 1768 907 1804 armis
932 1768 1162 1812 diffiderent,
1192 1767 1383 1803 lassitudi-

204 1848 290 1871 nem
320 1839 360 1871 et
387 1835 493 1870 sitim
521 1834 690 1870 militum
718 1837 946 1869 tentaturos.
1006 1831 1109 1868 Dein
1138 1832 1217 1880 ipse
1245 1844 1315 1880 pro
1342 1844 1383 1866 re

204 1904 320 1948 atque
348 1899 441 1944 loco,
476 1898 591 1934 sicuti
622 1902 753 1934 monte
781 1896 1042 1941 descenderat,
1071 1896 1274 1945 paullatim
1301 1908 1384 1944 pro-

205 1964 337 2000 cedere
353 1977 363 2009 3
393 1963 564 1999 Marium
584 1966 672 2011 post
690 1961 881 2011 principia
892 1961 1050 2007 habere,
1079 1960 1159 2008 ipse
1175 1973 1260 1995 cum
1277 1959 1384 1996 sinis-

206 2034 287 2064 trae
307 2028 389 2063 alae
409 2027 605 2075 equitibus
625 2040 718 2072 esse,
739 2026 806 2074 qui
825 2026 866 2061 in
890 2025 1041 2073 agmine
1069 2025 1261 2073 principes
1289 2024 1384 2063 facti

205 2096 324 2129 orant.
367 2092 427 2128 At
445 2092 471 2128 J
477 2091 655 2140 ugurtha,
672 2091 739 2127 ubi
754 2095 970 2127 extremum
987 2102 1124 2138 agmen
1144 2089 1296 2125 Metelli
1310 2089 1384 2138 pri-

206 2169 287 2193 mos
312 2168 400 2192 suos
428 2160 754 2204 praetergressum
780 2155 888 2190 videt
912 2154 1102 2203 pracsidio
1131 2153 1240 2202 quasi
1264 2153 1382 2189 duum

1536 379 1543 387 .-
1532 313 1543 371 ...1.-
