1502 2449
451 98 586 135 SALL
596 98 747 136 USTII
782 97 1060 136 CATILINA.
1297 98 1346 137 27

172 193 219 230 D.
251 193 367 229 Bruti
398 194 583 242 perducit,
616 194 717 243 quod
744 194 828 231 foro
856 195 1072 244 propinqua
1100 198 1192 241 erat,
1223 207 1347 243 neque

169 258 297 294 aliena
314 257 464 294 consilii
482 262 639 306 propter
659 258 923 307 Semproniam
935 271 945 305 5
974 272 1064 294 nam
1089 263 1174 295 tum
1200 258 1347 295 Brutus

168 322 218 358 ab
245 322 372 358 Roma
399 323 541 360 aberat.
599 322 805 359 Praeterea
833 323 1042 360 Gabinium
1071 322 1240 369 accersit,
1271 334 1348 370 quo

169 386 292 435 major
319 387 528 422 auctoritas
556 387 724 423 sermoni
755 387 921 425 inesset:
954 399 998 423 eo
1031 390 1232 435 praesente
1262 399 1347 422 con-

140 464 145 471 *
163 450 401 497 jurationem
429 451 576 499 aperit,
614 451 790 486 nominat
817 450 947 497 socios,
978 454 1175 499 praeterea
1203 450 1346 486 multos

168 515 352 563 cujusque
371 515 520 563 generis
539 515 727 561 innoxios,
749 528 825 564 quo
844 515 981 564 legatis
1006 515 1159 551 animus
1185 514 1348 563 amplior

168 583 266 614 esset
279 592 289 625 ,-
327 579 464 615 deinde
490 592 552 615 eos
577 579 768 627 pollicitos
794 592 947 628 operam
977 591 1086 615 suam
1112 579 1268 614 domum
1294 578 1348 614 di-

167 643 299 679 mittit.

246 707 357 744 XLI.
416 707 490 744 Sed
527 707 757 755 Allobroges
794 708 862 744 diu
898 708 940 743 in
977 707 1124 743 incerto
1164 707 1345 753 habuere,

167 771 352 819 quidnam
380 771 531 807 consilii
558 775 749 819 caperent.
806 770 857 807 In
884 771 1006 807 altera
1034 774 1145 819 parte
1173 774 1257 806 erat
1285 783 1348 807 aes

166 836 348 882 alienum,
365 836 536 881 studium
555 836 657 880 belli,
676 848 815 883 magna
833 847 978 871 merces
997 835 1040 870 in
1058 847 1124 884 spe
1142 835 1327 873 victoriae
1337 848 1347 881 3

167 904 207 935 at
225 899 267 935 in
286 899 408 935 altera
426 899 589 947 majores
609 911 709 947 opes,
726 902 813 934 tuta
832 898 1002 945 consilia,
1020 911 1090 947 pro
1109 898 1256 934 incerta
1282 911 1348 947 spe

166 968 270 999 certa
302 963 483 1012 praemia.
541 962 651 998 Haec
684 962 762 998 illis
790 962 1035 998 volventibus
1064 963 1222 998 tandem
1250 962 1346 998 vicit

165 1027 324 1063 fortuna
351 1026 594 1075 reipublicae.
653 1026 794 1075 Itaque
823 1026 866 1070 Q.
901 1026 1021 1062 Fabio
1052 1025 1212 1074 Sangae,
1237 1026 1347 1074 cujus

144 1077 150 1135 l
165 1090 377 1139 patrocinio
397 1090 533 1127 civitas
552 1090 763 1139 plurimum
783 1090 978 1135 utebatur,
999 1102 1079 1125 rem
1103 1102 1267 1135 omnem,
1288 1089 1348 1126 uti

165 1158 433 1203 cognoverant,
468 1155 657 1204 aperiunt.
719 1154 861 1200 Cicero,
896 1166 964 1202 per
991 1154 1159 1202 Sangam
1187 1153 1346 1190 consilio

165 1219 329 1267 cognito,
365 1219 503 1268 legatis
539 1219 744 1268 praecepit,
778 1222 824 1254 ut
861 1218 1034 1254 studium
1066 1217 1347 1266 conjurationis

164 1283 413 1319 vehementer
443 1283 637 1328 simulent,
666 1286 810 1319 eeteros
839 1282 991 1328 adeant,
1018 1282 1115 1318 bene
1145 1281 1347 1331 pollicean-

164 1352 239 1392 tur,
261 1347 430 1397 dentque
450 1360 604 1396 operam
624 1347 684 1383 uti
704 1359 766 1383 eos
790 1359 906 1395 quam
930 1345 1098 1381 maxime
1122 1345 1346 1382 manifestos

163 1411 341 1447 habeant.

242 1475 378 1512 XLII.
428 1475 573 1511 Iisdem
593 1474 673 1511 fere
692 1475 932 1524 temporibus
951 1475 993 1510 in
1009 1474 1137 1511 Gallia
1157 1475 1345 1511 Citeriore

163 1543 279 1587 atque
300 1539 508 1585 Ulteriore,
530 1539 624 1576 item
643 1539 684 1575 in
711 1552 802 1588 agro
829 1539 983 1585 Piceno,
1006 1538 1176 1585 Bruttio,
1197 1539 1346 1588 Apulia

164 1607 292 1639 motus
319 1607 411 1639 erat.
468 1603 650 1652 Namque
678 1603 749 1649 illi,
779 1616 875 1652 quos
902 1607 1017 1639 antea
1044 1603 1214 1639 Catilina
1237 1603 1347 1639 dimi-

163 1671 273 1713 serat,
291 1666 507 1702 inconsulte
526 1679 569 1703 ac
588 1667 711 1703 veluti
730 1680 799 1716 per
817 1667 1052 1703 dementiam
1072 1672 1211 1703 cuncta
1230 1667 1346 1703 simul

163 1730 352 1778 agebant,
381 1730 581 1766 nocturnis
609 1731 785 1777 consiliis,
813 1744 1009 1767 armorum
1039 1734 1156 1779 atque
1180 1730 1346 1766 telorum

162 1794 458 1842 portationibus,
487 1793 719 1841 festinando,
754 1796 936 1844 agitando
964 1796 1094 1831 omnia
1121 1795 1208 1844 plus
1236 1795 1346 1831 timo-

162 1857 216 1893 ris
249 1870 365 1906 quam
398 1858 560 1906 periculi
591 1858 805 1895 effecerant.
865 1859 928 1895 Ex
964 1871 1008 1895 eo
1046 1871 1206 1895 numero
1243 1871 1344 1895 com-

161 1921 292 1969 plures
321 1921 362 1965 Q.
396 1921 581 1958 Metellus
611 1923 721 1959 Celer
749 1926 904 1971 praetor
931 1935 980 1959 ex
1005 1923 1130 1959 senati
1156 1923 1343 1968 consulto,

162 1998 295 2021 caussa
323 1986 486 2033 cognita,
516 1986 558 2022 in
586 1987 744 2023 vincula
776 1987 1013 2035 conjecerat3
1041 1987 1135 2023 item
1163 1987 1206 2022 in
1235 1987 1345 2023 Ulte-

161 2048 261 2085 riore
300 2049 428 2086 Gallia
466 2049 506 2088 C.
547 2050 726 2095 Murena,
760 2051 828 2099 qui
864 2050 900 2087 ei
937 2050 1157 2099 provinciae
1193 2050 1344 2098 legatus

162 2117 346 2160 praeerat.

240 2175 400 2213 XLIII.
458 2177 518 2213 At
555 2177 704 2214 Romae
742 2178 932 2214 Lentulus
970 2192 1055 2214 cum
1094 2178 1241 2224 ceteris,
1277 2178 1343 2227 qui
