1502 2449
130 105 175 143 16
415 103 709 142 SALLUSTII
743 104 1016 143 OATILINA.

205 203 374 240 XXIII.
433 204 508 240 Sed
541 204 582 240 in
613 217 658 240 ea
686 204 953 252 conjuratione
979 205 1056 241 fuit
1084 205 1127 250 Q.
1158 205 1306 252 Curius,

126 273 240 306 natus
277 269 381 305 haud
419 270 579 306 obscuro
617 269 709 315 loco,
745 270 901 318 flagitiis
929 275 1045 319 atque
1073 271 1310 308 facinoribus

125 338 352 384 coopertus3
382 347 496 383 quem
517 347 691 371 censores
717 339 854 371 senatu
879 336 1010 384 probri
1035 336 1160 384 gratia
1185 348 1310 371 move-

126 404 223 437 rant.
282 400 389 440 Huic
408 400 557 436 homini
576 413 653 436 non
669 400 795 436 minor
813 401 968 437 vanitas
988 414 1103 450 quam
1124 401 1285 437 audacia
1298 413 1308 447 3

125 477 249 513 neque
268 465 429 500 reticere
449 477 546 512 quae
566 465 753 510 audierat,
769 478 893 515 neque
909 470 1059 502 suamet
1074 467 1153 515 ipse
1168 467 1309 503 scelera

124 529 338 575 occultare;
376 541 532 577 prorsus
560 541 686 578 neque
714 529 841 566 dicere
874 542 1000 578 neque
1035 530 1161 567 facere
1198 530 1307 579 quid-

124 607 240 643 quam
268 594 378 643 pensi
406 594 582 630 habebat.
643 594 740 630 Erat
768 594 804 631 ei
832 607 920 631 cum
958 594 1107 641 Fulvia,
1147 595 1309 631 muliere

124 658 257 705 nobili,
280 663 393 694 vetus
412 658 648 694 consuetudo
663 673 673 706 3
701 659 763 695 cui
783 672 871 695 cum
891 659 1019 695 minus
1039 664 1174 708 gratus
1197 665 1306 706 esset,

123 722 215 771 quia
252 722 383 771 inopia
419 722 548 759 minus
584 723 718 772 largiri
756 728 918 773 poterat,
954 730 1113 773 repente
1140 725 1309 773 glorians

124 788 246 823 maria
275 792 501 837 montesque
533 788 706 837 polliceri
738 790 886 838 coepit3
933 789 1076 826 minari
1111 790 1310 827 interdum

124 852 237 898 ferro,
269 853 347 888 nisi
376 853 545 889 obnoxia
574 853 696 900 foret;
735 842 930 902 postremo
960 855 1126 892 ferocius
1163 856 1310 904 agitare

124 930 240 966 quam
260 918 397 954 solitus
417 922 509 955 erat.
566 918 627 955 At
642 918 791 963 Fulvia,
808 919 1038 956 insolentiae
1055 919 1163 956 Curii
1178 933 1311 957 caussa

124 984 290 1032 cognita,
335 984 413 1020 tale
451 983 665 1032 periculum
703 984 937 1033 reipublicae
974 984 1078 1021 haud
1116 985 1310 1021 occultum

123 1049 261 1085 habuit
275 1063 286 1096 ;
316 1049 392 1095 sed,
414 1048 566 1085 sublato
586 1052 742 1086 auctore
762 1049 808 1086 de
824 1049 1016 1086 Catilinae
1032 1050 1307 1099 conjuratione,

123 1127 222 1164 quae
260 1127 413 1164 quoque
450 1115 564 1151 modo
601 1114 789 1161 audierat,
825 1115 1088 1164 compluribus
1120 1116 1307 1153 narravit.

96 1174 101 1213 l
124 1179 183 1216 Ea
202 1192 263 1216 res
282 1179 323 1216 in
343 1179 479 1228 primis
499 1179 630 1215 studia
648 1179 850 1220 hominum
871 1180 1046 1216 accendit
1065 1180 1114 1216 ad
1140 1180 1310 1217 consula-
1351 1193 1355 1197 ·

123 1248 208 1281 tuln
228 1244 491 1281 mandandum
511 1244 566 1281 M.
590 1243 719 1280 Tullio
746 1244 931 1281 Ciceroni.
988 1245 1170 1294 Namque
1195 1251 1310 1282 antea

123 1309 306 1358 pleraque
337 1309 522 1345 nobilitas
551 1309 701 1345 invidia
729 1309 946 1354 aestuabat,
976 1312 1017 1346 et
1044 1310 1155 1358 quasi
1187 1310 1309 1358 pollui

123 1376 366 1412 consulatum
387 1376 606 1422 credebant,
629 1375 661 1411 si
681 1387 780 1420 eum,
799 1374 977 1423 quamvis
993 1374 1177 1423 egregius,
1194 1374 1310 1411 homo

123 1453 247 1477 novus
266 1440 560 1489 adeptus-foret.
620 1440 696 1476 Sed
719 1440 788 1476 ubi
813 1439 1029 1488 periculum
1052 1440 1221 1486 advenit,
1254 1440 1310 1475 in-

124 1505 229 1541 vidia
247 1510 364 1554 atque
384 1505 564 1554 superbia
583 1509 669 1554 post
689 1504 807 1541 fuere.

203 1569 366 1607 XXIV.
425 1570 555 1618 Igitur
592 1569 758 1606 comitiis
795 1568 939 1605 habitis
977 1568 1151 1605 consules
1188 1569 1309 1605 decla-

123 1639 263 1672 rantur
282 1635 337 1672 M.
360 1635 512 1672 Tullius
531 1639 570 1671 et
591 1635 631 1672 C.
650 1634 853 1670 Antonius
866 1647 877 1680 3
905 1634 1007 1682 quod
1023 1633 1171 1669 factum
1185 1634 1310 1682 primo

125 1701 327 1750 populares
374 1700 653 1749 conjurationis
689 1704 942 1736 concusserat.
1002 1699 1141 1748 Neque
1177 1703 1311 1735 tamen

125 1765 317 1802 Catilinae
337 1765 446 1802 furor
465 1765 732 1812 minuebatur3
761 1764 829 1801 sed
847 1765 889 1800 in
909 1764 990 1800 dies
1010 1763 1123 1812 plura
1138 1763 1309 1812 agitare3

124 1844 231 1867 arma
260 1844 329 1880 per
355 1831 515 1867 Italiam
542 1830 636 1867 locis
661 1830 892 1879 opportunis
920 1842 1054 1878 parare
1068 1843 1078 1876 3
1106 1829 1310 1878 pecuniam

124 1908 193 1932 sua
217 1900 286 1931 aut
312 1896 523 1931 amicorum
543 1895 617 1932 fide
637 1898 832 1942 sumptam
852 1897 1030 1930 mutuam
1056 1893 1236 1930 Faesulas
1261 1892 1310 1928 ad

124 1960 318 1996 Manlium
347 1961 552 2009 quemdam
580 1964 745 2009 portare,
778 1959 845 2008 qui
873 1963 1005 2008 postea
1032 1959 1209 2007 princeps
1231 1956 1309 1992 fuit

124 2024 216 2061 belli
234 2025 410 2063 faciendi.
470 2025 529 2062 Ea
547 2028 779 2074 tempestate
798 2024 985 2074 plurimos
1000 2023 1185 2072 cujusque
1199 2035 1309 2072 gene-

123 2091 176 2128 ris
195 2089 368 2127 homines
388 2091 594 2127 adscivisse
613 2091 758 2127 dicitur
770 2103 780 2137 ;
809 2089 990 2125 mulieres
1010 2088 1128 2124 etiam
1147 2087 1305 2136 aliquot,

122 2166 220 2203 quae
238 2154 365 2203 primo
384 2154 561 2202 ingentes
581 2158 758 2203 sumptus
777 2158 912 2202 stupro
931 2152 1101 2201 corporis
1126 2151 1309 2188 tolerave-

123 2223 212 2257 rant
222 2232 233 2267 3
276 2223 373 2269 post,
415 2220 481 2256 ubi
517 2224 624 2257 aetas
660 2218 932 2257 tantummodo
968 2217 1147 2268 quaestui
1183 2228 1309 2266 neque
