<?xml version="1.0" encoding="UTF-8"?>
<!DOCTYPE html PUBLIC "-//W3C//DTD XHTML 1.0 Transitional//EN"
    "http://www.w3.org/TR/xhtml1/DTD/xhtml1-transitional.dtd">
<html xmlns="http://www.w3.org/1999/xhtml" xml:lang="en" lang="en">
 <head>
  <title>
</title>
<meta http-equiv="Content-Type" content="text/html;charset=utf-8" />
  <meta name='ocr-system' content='tesseract 3.04.00' />
  <meta name='ocr-capabilities' content='ocr_page ocr_carea ocr_par ocr_line ocrx_word'/>
</head>
<body>
  <div class='ocr_page' id='page_1' title='image "./catilinaetjugurt00salluoft_0229.png"; bbox 0 0 1543 2449; ppageno 0'>
   <div class='ocr_carea' id='block_1_1' title="bbox 411 126 1310 165">
    <p class='ocr_par' dir='ltr' id='par_1_1' title="bbox 411 126 1310 165">
     <span class='ocr_line' id='line_1_1' title="bbox 411 126 1310 165; baseline 0 -1"><span class='ocrx_word' id='word_1_1' title='bbox 411 126 546 164; x_wconf 80' lang='lat' dir='ltr'><em>SALL</em></span> <span class='ocrx_word' id='word_1_2' title='bbox 556 128 707 165; x_wconf 71' lang='lat' dir='ltr'><em>USTJI</em></span> <span class='ocrx_word' id='word_1_3' title='bbox 740 128 843 165; x_wconf 78' lang='lat' dir='ltr'>JUG</span> <span class='ocrx_word' id='word_1_4' title='bbox 851 128 1044 164; x_wconf 66' lang='lat' dir='ltr'><em>URTIJA.</em></span> <span class='ocrx_word' id='word_1_5' title='bbox 1263 130 1310 164; x_wconf 74' lang='lat'>69</span> 
     </span>
    </p>
   </div>
   <div class='ocr_carea' id='block_1_2' title="bbox 118 212 1315 2227">
    <p class='ocr_par' dir='ltr' id='par_1_2' title="bbox 118 212 1315 2227">
     <span class='ocr_line' id='line_1_2' title="bbox 138 212 1312 261; baseline 0 -12"><span class='ocrx_word' id='word_1_6' title='bbox 138 216 240 258; x_wconf 85' lang='lat' dir='ltr'>sunt,</span> <span class='ocrx_word' id='word_1_7' title='bbox 261 216 347 248; x_wconf 84' lang='lat' dir='ltr'>acta</span> <span class='ocrx_word' id='word_1_8' title='bbox 365 212 565 260; x_wconf 88' lang='lat' dir='ltr'>majorum,</span> <span class='ocrx_word' id='word_1_9' title='bbox 587 217 626 249; x_wconf 81' lang='lat' dir='ltr'>et</span> <span class='ocrx_word' id='word_1_10' title='bbox 646 213 878 250; x_wconf 85' lang='lat' dir='ltr'>Graecorum</span> <span class='ocrx_word' id='word_1_11' title='bbox 899 213 1083 249; x_wconf 86' lang='lat' dir='ltr'>militaria</span> <span class='ocrx_word' id='word_1_12' title='bbox 1108 218 1312 261; x_wconf 82' lang='lat' dir='ltr'>praecepta</span> 
     </span>
     <span class='ocr_line' id='line_1_3' title="bbox 137 276 1311 325; baseline 0 -13"><span class='ocrx_word' id='word_1_13' title='bbox 137 276 261 324; x_wconf 83' lang='lat' dir='ltr'>legere</span> <span class='ocrx_word' id='word_1_14' title='bbox 290 276 507 324; x_wconf 81' lang='lat' dir='ltr'>coeperint3</span> <span class='ocrx_word' id='word_1_15' title='bbox 544 276 717 312; x_wconf 86' lang='lat' dir='ltr'>homines</span> <span class='ocrx_word' id='word_1_16' title='bbox 745 277 989 325; x_wconf 74' lang='lat' dir='ltr'>praeposteri.</span> <span class='ocrx_word' id='word_1_17' title='bbox 1049 276 1152 312; x_wconf 82' lang='lat' dir='ltr'>Nam</span> <span class='ocrx_word' id='word_1_18' title='bbox 1181 289 1311 324; x_wconf 80' lang='lat' dir='ltr'>gerere</span> 
     </span>
     <span class='ocr_line' id='line_1_4' title="bbox 137 339 1307 388; baseline 0 -13"><span class='ocrx_word' id='word_1_19' title='bbox 137 352 251 387; x_wconf 85' lang='lat' dir='ltr'>quam</span> <span class='ocrx_word' id='word_1_20' title='bbox 274 339 358 375; x_wconf 90' lang='lat' dir='ltr'>fieri</span> <span class='ocrx_word' id='word_1_21' title='bbox 382 342 553 388; x_wconf 87' lang='lat' dir='ltr'>tempore</span> <span class='ocrx_word' id='word_1_22' title='bbox 578 340 780 388; x_wconf 83' lang='lat' dir='ltr'>posterius,</span> <span class='ocrx_word' id='word_1_23' title='bbox 801 353 842 376; x_wconf 89' lang='lat' dir='ltr'>re</span> <span class='ocrx_word' id='word_1_24' title='bbox 868 344 983 388; x_wconf 86' lang='lat' dir='ltr'>atque</span> <span class='ocrx_word' id='word_1_25' title='bbox 1010 352 1081 375; x_wconf 90' lang='lat' dir='ltr'>usu</span> <span class='ocrx_word' id='word_1_26' title='bbox 1107 339 1215 387; x_wconf 86' lang='lat' dir='ltr'>prius</span> <span class='ocrx_word' id='word_1_27' title='bbox 1240 343 1307 375; x_wconf 87' lang='lat' dir='ltr'>est.</span> 
     </span>
     <span class='ocr_line' id='line_1_5' title="bbox 137 402 1312 452; baseline 0.001 -14"><span class='ocrx_word' id='word_1_28' title='bbox 137 402 366 451; x_wconf 82' lang='lat' dir='ltr'>Comparate</span> <span class='ocrx_word' id='word_1_29' title='bbox 393 415 508 448; x_wconf 83' lang='lat' dir='ltr'>nune,</span> <span class='ocrx_word' id='word_1_30' title='bbox 538 403 720 448; x_wconf 74' lang='lat' dir='ltr'>Quirites,</span> <span class='ocrx_word' id='word_1_31' title='bbox 748 417 833 439; x_wconf 89' lang='lat' dir='ltr'>eum</span> <span class='ocrx_word' id='word_1_32' title='bbox 862 404 1015 440; x_wconf 88' lang='lat' dir='ltr'>illorum</span> <span class='ocrx_word' id='word_1_33' title='bbox 1044 403 1224 452; x_wconf 81' lang='lat' dir='ltr'>superbia</span> <span class='ocrx_word' id='word_1_34' title='bbox 1250 416 1312 439; x_wconf 87' lang='lat' dir='ltr'>me</span> 
     </span>
     <span class='ocr_line' id='line_1_6' title="bbox 118 465 1310 518; baseline 0.001 -17"><span class='ocrx_word' id='word_1_35' title='bbox 118 465 329 518; x_wconf 35' lang='lat' dir='ltr'>&#39;hominem</span> <span class='ocrx_word' id='word_1_36' title='bbox 358 478 511 502; x_wconf 80' lang='lat' dir='ltr'>novum.</span> <span class='ocrx_word' id='word_1_37' title='bbox 571 467 677 510; x_wconf 83' lang='lat' dir='ltr'>Quae</span> <span class='ocrx_word' id='word_1_38' title='bbox 709 467 767 502; x_wconf 87' lang='lat' dir='ltr'>illi</span> <span class='ocrx_word' id='word_1_39' title='bbox 795 467 927 502; x_wconf 88' lang='lat' dir='ltr'>audire</span> <span class='ocrx_word' id='word_1_40' title='bbox 956 471 995 502; x_wconf 87' lang='lat' dir='ltr'>et</span> <span class='ocrx_word' id='word_1_41' title='bbox 1022 467 1146 515; x_wconf 80' lang='lat' dir='ltr'>legere</span> <span class='ocrx_word' id='word_1_42' title='bbox 1175 466 1310 511; x_wconf 85' lang='lat' dir='ltr'>solent,</span> 
     </span>
     <span class='ocr_line' id='line_1_7' title="bbox 136 529 1310 579; baseline 0.002 -15"><span class='ocrx_word' id='word_1_43' title='bbox 136 541 267 565; x_wconf 90' lang='lat' dir='ltr'>eorum</span> <span class='ocrx_word' id='word_1_44' title='bbox 285 533 435 577; x_wconf 87' lang='lat' dir='ltr'>partem</span> <span class='ocrx_word' id='word_1_45' title='bbox 456 529 548 575; x_wconf 77' lang='lat' dir='ltr'>vidi,</span> <span class='ocrx_word' id='word_1_46' title='bbox 567 530 643 566; x_wconf 83' lang='lat' dir='ltr'>alia</span> <span class='ocrx_word' id='word_1_47' title='bbox 662 534 812 578; x_wconf 77' lang='lat' dir='ltr'>egomet</span> <span class='ocrx_word' id='word_1_48' title='bbox 829 530 928 578; x_wconf 81' lang='lat' dir='ltr'>gessi</span> <span class='ocrx_word' id='word_1_49' title='bbox 942 544 950 576; x_wconf 79' lang='lat'><em>3</em></span> <span class='ocrx_word' id='word_1_50' title='bbox 979 543 1076 579; x_wconf 84' lang='lat' dir='ltr'>quae</span> <span class='ocrx_word' id='word_1_51' title='bbox 1095 530 1153 566; x_wconf 88' lang='lat' dir='ltr'>illi</span> <span class='ocrx_word' id='word_1_52' title='bbox 1175 530 1310 574; x_wconf 73' lang='lat' dir='ltr'>literis,</span> 
     </span>
     <span class='ocr_line' id='line_1_8' title="bbox 135 592 1312 640; baseline 0.001 -13"><span class='ocrx_word' id='word_1_53' title='bbox 135 604 204 640; x_wconf 83' lang='lat' dir='ltr'>ego</span> <span class='ocrx_word' id='word_1_54' title='bbox 231 592 435 629; x_wconf 88' lang='lat' dir='ltr'>militando</span> <span class='ocrx_word' id='word_1_55' title='bbox 460 592 586 629; x_wconf 80' lang='lat' dir='ltr'>didici.</span> <span class='ocrx_word' id='word_1_56' title='bbox 644 593 761 630; x_wconf 86' lang='lat' dir='ltr'>Nune</span> <span class='ocrx_word' id='word_1_57' title='bbox 786 606 853 630; x_wconf 89' lang='lat' dir='ltr'>vos</span> <span class='ocrx_word' id='word_1_58' title='bbox 879 594 1110 639; x_wconf 85' lang='lat' dir='ltr'>existimate,</span> <span class='ocrx_word' id='word_1_59' title='bbox 1134 593 1238 630; x_wconf 81' lang='lat' dir='ltr'>facta</span> <span class='ocrx_word' id='word_1_60' title='bbox 1262 606 1312 629; x_wconf 82' lang='lat' dir='ltr'>an</span> 
     </span>
     <span class='ocr_line' id='line_1_9' title="bbox 135 656 1312 705; baseline 0.002 -14"><span class='ocrx_word' id='word_1_61' title='bbox 135 656 240 692; x_wconf 86' lang='lat' dir='ltr'>dicta</span> <span class='ocrx_word' id='word_1_62' title='bbox 258 657 380 705; x_wconf 89' lang='lat' dir='ltr'>pluris</span> <span class='ocrx_word' id='word_1_63' title='bbox 399 657 486 693; x_wconf 81' lang='lat' dir='ltr'>sint.</span> <span class='ocrx_word' id='word_1_64' title='bbox 546 657 811 693; x_wconf 84' lang='lat' dir='ltr'>Contemnunt</span> <span class='ocrx_word' id='word_1_65' title='bbox 828 658 1041 693; x_wconf 81' lang='lat' dir='ltr'>novitatem</span> <span class='ocrx_word' id='word_1_66' title='bbox 1067 670 1191 693; x_wconf 82' lang='lat' dir='ltr'>meam</span> <span class='ocrx_word' id='word_1_67' title='bbox 1205 670 1215 703; x_wconf 77' lang='lat'><em>3</em></span> <span class='ocrx_word' id='word_1_68' title='bbox 1244 669 1312 705; x_wconf 80' lang='lat' dir='ltr'>ego</span> 
     </span>
     <span class='ocr_line' id='line_1_10' title="bbox 134 719 1313 769; baseline 0.002 -15"><span class='ocrx_word' id='word_1_69' title='bbox 134 719 290 755; x_wconf 86' lang='lat' dir='ltr'>illorum</span> <span class='ocrx_word' id='word_1_70' title='bbox 322 720 538 768; x_wconf 79' lang='lat' dir='ltr'>ignaviam:</span> <span class='ocrx_word' id='word_1_71' title='bbox 577 720 673 756; x_wconf 86' lang='lat' dir='ltr'>mihi</span> <span class='ocrx_word' id='word_1_72' title='bbox 706 720 875 766; x_wconf 81' lang='lat' dir='ltr'>fortuna,</span> <span class='ocrx_word' id='word_1_73' title='bbox 909 721 986 757; x_wconf 89' lang='lat' dir='ltr'>illis</span> <span class='ocrx_word' id='word_1_74' title='bbox 1015 721 1156 769; x_wconf 84' lang='lat' dir='ltr'>probra</span> <span class='ocrx_word' id='word_1_75' title='bbox 1192 720 1313 768; x_wconf 83' lang='lat' dir='ltr'>objec-</span> 
     </span>
     <span class='ocr_line' id='line_1_11' title="bbox 134 787 1312 832; baseline 0.001 -13"><span class='ocrx_word' id='word_1_76' title='bbox 134 787 293 830; x_wconf 70' lang='lat' dir='ltr'>tantur,</span> <span class='ocrx_word' id='word_1_77' title='bbox 330 796 562 832; x_wconf 82' lang='lat' dir='ltr'>quamquam</span> <span class='ocrx_word' id='word_1_78' title='bbox 582 796 650 831; x_wconf 79' lang='lat' dir='ltr'>ego</span> <span class='ocrx_word' id='word_1_79' title='bbox 670 788 849 820; x_wconf 80' lang='lat' dir='ltr'>naturam</span> <span class='ocrx_word' id='word_1_80' title='bbox 873 797 990 820; x_wconf 85' lang='lat' dir='ltr'>unam</span> <span class='ocrx_word' id='word_1_81' title='bbox 1010 788 1050 820; x_wconf 83' lang='lat' dir='ltr'>et</span> <span class='ocrx_word' id='word_1_82' title='bbox 1072 796 1312 820; x_wconf 87' lang='lat' dir='ltr'>communem</span> 
     </span>
     <span class='ocr_line' id='line_1_12' title="bbox 135 847 1314 895; baseline 0.001 -13"><span class='ocrx_word' id='word_1_83' title='bbox 135 847 306 883; x_wconf 86' lang='lat' dir='ltr'>omnium</span> <span class='ocrx_word' id='word_1_84' title='bbox 326 847 518 891; x_wconf 79' lang='lat' dir='ltr'>existimo,</span> <span class='ocrx_word' id='word_1_85' title='bbox 539 847 604 883; x_wconf 90' lang='lat' dir='ltr'>sed</span> <span class='ocrx_word' id='word_1_86' title='bbox 624 847 879 882; x_wconf 82' lang='lat' dir='ltr'>fortissimum</span> <span class='ocrx_word' id='word_1_87' title='bbox 899 860 1088 895; x_wconf 87' lang='lat' dir='ltr'>quemque</span> <span class='ocrx_word' id='word_1_88' title='bbox 1107 847 1314 895; x_wconf 81' lang='lat' dir='ltr'>generosis-</span> 
     </span>
     <span class='ocr_line' id='line_1_13' title="bbox 135 910 1313 958; baseline 0.001 -13"><span class='ocrx_word' id='word_1_89' title='bbox 135 910 283 946; x_wconf 82' lang='lat' dir='ltr'>simum.</span> <span class='ocrx_word' id='word_1_90' title='bbox 341 910 403 946; x_wconf 84' lang='lat' dir='ltr'>Ac</span> <span class='ocrx_word' id='word_1_91' title='bbox 436 910 468 945; x_wconf 89' lang='lat' dir='ltr'>si</span> <span class='ocrx_word' id='word_1_92' title='bbox 495 910 577 957; x_wconf 85' lang='lat' dir='ltr'>jam</span> <span class='ocrx_word' id='word_1_93' title='bbox 607 923 656 946; x_wconf 79' lang='lat' dir='ltr'>ex</span> <span class='ocrx_word' id='word_1_94' title='bbox 685 911 862 958; x_wconf 80' lang='lat' dir='ltr'>patribus</span> <span class='ocrx_word' id='word_1_95' title='bbox 890 911 1029 946; x_wconf 83' lang='lat' dir='ltr'>Albini</span> <span class='ocrx_word' id='word_1_96' title='bbox 1061 915 1131 946; x_wconf 86' lang='lat' dir='ltr'>aut</span> <span class='ocrx_word' id='word_1_97' title='bbox 1160 911 1313 946; x_wconf 83' lang='lat' dir='ltr'>Bestiae</span> 
     </span>
     <span class='ocr_line' id='line_1_14' title="bbox 134 974 1312 1022; baseline 0 -13"><span class='ocrx_word' id='word_1_98' title='bbox 134 974 267 1021; x_wconf 85' lang='lat' dir='ltr'>quaeri</span> <span class='ocrx_word' id='word_1_99' title='bbox 296 978 435 1022; x_wconf 84' lang='lat' dir='ltr'>posset,</span> <span class='ocrx_word' id='word_1_100' title='bbox 467 986 578 1009; x_wconf 88' lang='lat' dir='ltr'>mene</span> <span class='ocrx_word' id='word_1_101' title='bbox 607 987 658 1009; x_wconf 87' lang='lat' dir='ltr'>an</span> <span class='ocrx_word' id='word_1_102' title='bbox 690 974 776 1009; x_wconf 87' lang='lat' dir='ltr'>illos</span> <span class='ocrx_word' id='word_1_103' title='bbox 806 987 855 1009; x_wconf 82' lang='lat' dir='ltr'>ex</span> <span class='ocrx_word' id='word_1_104' title='bbox 887 987 926 1009; x_wconf 89' lang='lat' dir='ltr'>se</span> <span class='ocrx_word' id='word_1_105' title='bbox 954 975 1059 1022; x_wconf 81' lang='lat' dir='ltr'>gigni</span> <span class='ocrx_word' id='word_1_106' title='bbox 1090 975 1312 1018; x_wconf 75' lang='lat' dir='ltr'>maluerint,</span> 
     </span>
     <span class='ocr_line' id='line_1_15' title="bbox 134 1037 1314 1086; baseline 0.001 -14"><span class='ocrx_word' id='word_1_107' title='bbox 134 1037 227 1086; x_wconf 88' lang='lat' dir='ltr'>quid</span> <span class='ocrx_word' id='word_1_108' title='bbox 252 1050 499 1086; x_wconf 80' lang='lat' dir='ltr'>responsuros</span> <span class='ocrx_word' id='word_1_109' title='bbox 525 1037 692 1081; x_wconf 87' lang='lat' dir='ltr'>creditis,</span> <span class='ocrx_word' id='word_1_110' title='bbox 713 1037 788 1073; x_wconf 86' lang='lat' dir='ltr'>nisi</span> <span class='ocrx_word' id='word_1_111' title='bbox 811 1050 891 1073; x_wconf 89' lang='lat' dir='ltr'>sese</span> <span class='ocrx_word' id='word_1_112' title='bbox 917 1038 1056 1073; x_wconf 83' lang='lat' dir='ltr'>liberos</span> <span class='ocrx_word' id='word_1_113' title='bbox 1082 1050 1197 1086; x_wconf 87' lang='lat' dir='ltr'>quam</span> <span class='ocrx_word' id='word_1_114' title='bbox 1218 1037 1314 1085; x_wconf 86' lang='lat' dir='ltr'>opti-</span> 
     </span>
     <span class='ocr_line' id='line_1_16' title="bbox 133 1100 1315 1149; baseline -0.001 -12"><span class='ocrx_word' id='word_1_115' title='bbox 133 1114 215 1137; x_wconf 88' lang='lat' dir='ltr'>mos</span> <span class='ocrx_word' id='word_1_116' title='bbox 246 1101 437 1137; x_wconf 77' lang='lat' dir='ltr'>voluisse‘.l</span> <span class='ocrx_word' id='word_1_117' title='bbox 491 1101 603 1145; x_wconf 76' lang='lat' dir='ltr'>Quod</span> <span class='ocrx_word' id='word_1_118' title='bbox 636 1101 668 1137; x_wconf 88' lang='lat' dir='ltr'>si</span> <span class='ocrx_word' id='word_1_119' title='bbox 694 1101 782 1149; x_wconf 84' lang='lat' dir='ltr'>jure</span> <span class='ocrx_word' id='word_1_120' title='bbox 812 1114 872 1137; x_wconf 88' lang='grc'>1110</span> <span class='ocrx_word' id='word_1_121' title='bbox 905 1101 1135 1149; x_wconf 84' lang='lat' dir='ltr'>despiciunt,</span> <span class='ocrx_word' id='word_1_122' title='bbox 1166 1100 1315 1136; x_wconf 80' lang='lat' dir='ltr'>faciant</span> 
     </span>
     <span class='ocr_line' id='line_1_17' title="bbox 134 1165 1314 1213; baseline -0.001 -12"><span class='ocrx_word' id='word_1_123' title='bbox 134 1165 235 1201; x_wconf 87' lang='lat' dir='ltr'>idem</span> <span class='ocrx_word' id='word_1_124' title='bbox 258 1165 467 1213; x_wconf 87' lang='lat' dir='ltr'>majoribus</span> <span class='ocrx_word' id='word_1_125' title='bbox 486 1165 577 1210; x_wconf 87' lang='lat' dir='ltr'>suis,</span> <span class='ocrx_word' id='word_1_126' title='bbox 597 1165 748 1213; x_wconf 86' lang='lat' dir='ltr'>quibus,</span> <span class='ocrx_word' id='word_1_127' title='bbox 770 1165 829 1200; x_wconf 84' lang='lat' dir='ltr'>uti</span> <span class='ocrx_word' id='word_1_128' title='bbox 848 1165 955 1210; x_wconf 82' lang='lat' dir='ltr'>mihi,</span> <span class='ocrx_word' id='word_1_129' title='bbox 976 1178 1025 1201; x_wconf 80' lang='lat' dir='ltr'>ex</span> <span class='ocrx_word' id='word_1_130' title='bbox 1044 1165 1190 1201; x_wconf 81' lang='lat' dir='ltr'>virtute</span> <span class='ocrx_word' id='word_1_131' title='bbox 1209 1165 1314 1201; x_wconf 89' lang='lat' dir='ltr'>nobi-</span> 
     </span>
     <span class='ocr_line' id='line_1_18' title="bbox 134 1228 1315 1277; baseline -0.001 -12"><span class='ocrx_word' id='word_1_132' title='bbox 134 1229 223 1265; x_wconf 86' lang='lat' dir='ltr'>litas</span> <span class='ocrx_word' id='word_1_133' title='bbox 256 1229 389 1277; x_wconf 87' lang='lat' dir='ltr'>coepit.</span> <span class='ocrx_word' id='word_1_134' title='bbox 448 1228 637 1264; x_wconf 78' lang='lat' dir='ltr'>Invident</span> <span class='ocrx_word' id='word_1_135' title='bbox 671 1228 808 1264; x_wconf 89' lang='lat' dir='ltr'>honori</span> <span class='ocrx_word' id='word_1_136' title='bbox 844 1241 929 1264; x_wconf 88' lang='lat' dir='ltr'>meo</span> <span class='ocrx_word' id='word_1_137' title='bbox 944 1242 953 1275; x_wconf 80' lang='lat'><em>3</em></span> <span class='ocrx_word' id='word_1_138' title='bbox 990 1241 1079 1277; x_wconf 81' lang='lat' dir='ltr'>ergo</span> <span class='ocrx_word' id='word_1_139' title='bbox 1112 1228 1315 1265; x_wconf 81' lang='lat' dir='ltr'>invideant</span> 
     </span>
     <span class='ocr_line' id='line_1_19' title="bbox 133 1292 1315 1341; baseline -0.002 -12"><span class='ocrx_word' id='word_1_140' title='bbox 133 1293 267 1337; x_wconf 85' lang='lat' dir='ltr'>labori,</span> <span class='ocrx_word' id='word_1_141' title='bbox 288 1292 543 1337; x_wconf 83' lang='lat' dir='ltr'>innocentiae,</span> <span class='ocrx_word' id='word_1_142' title='bbox 564 1292 745 1340; x_wconf 86' lang='lat' dir='ltr'>periculis</span> <span class='ocrx_word' id='word_1_143' title='bbox 771 1292 889 1328; x_wconf 82' lang='lat' dir='ltr'>etiam</span> <span class='ocrx_word' id='word_1_144' title='bbox 914 1292 1021 1337; x_wconf 87' lang='lat' dir='ltr'>meis,</span> <span class='ocrx_word' id='word_1_145' title='bbox 1042 1292 1223 1341; x_wconf 85' lang='lat' dir='ltr'>quoniam</span> <span class='ocrx_word' id='word_1_146' title='bbox 1240 1304 1315 1340; x_wconf 58' lang='lat' dir='ltr'>‘per</span> 
     </span>
     <span class='ocr_line' id='line_1_20' title="bbox 134 1355 1315 1404; baseline -0.001 -12"><span class='ocrx_word' id='word_1_147' title='bbox 134 1356 227 1393; x_wconf 89' lang='lat' dir='ltr'>haec</span> <span class='ocrx_word' id='word_1_148' title='bbox 259 1356 369 1392; x_wconf 89' lang='lat' dir='ltr'>illum</span> <span class='ocrx_word' id='word_1_149' title='bbox 400 1356 491 1404; x_wconf 87' lang='lat' dir='ltr'>cepi.</span> <span class='ocrx_word' id='word_1_150' title='bbox 550 1356 698 1391; x_wconf 85' lang='lat' dir='ltr'>Verum</span> <span class='ocrx_word' id='word_1_151' title='bbox 732 1355 906 1391; x_wconf 83' lang='lat' dir='ltr'>homines</span> <span class='ocrx_word' id='word_1_152' title='bbox 931 1356 1103 1404; x_wconf 80' lang='lat' dir='ltr'>corrupti</span> <span class='ocrx_word' id='word_1_153' title='bbox 1135 1355 1315 1404; x_wconf 86' lang='lat' dir='ltr'>superbia</span> 
     </span>
     <span class='ocr_line' id='line_1_21' title="bbox 134 1419 1314 1468; baseline -0.002 -12"><span class='ocrx_word' id='word_1_154' title='bbox 134 1421 190 1456; x_wconf 87' lang='lat' dir='ltr'>ita</span> <span class='ocrx_word' id='word_1_155' title='bbox 208 1424 375 1456; x_wconf 86' lang='lat' dir='ltr'>aetatem</span> <span class='ocrx_word' id='word_1_156' title='bbox 400 1423 532 1468; x_wconf 83' lang='lat' dir='ltr'>agunt,</span> <span class='ocrx_word' id='word_1_157' title='bbox 553 1420 663 1468; x_wconf 92' lang='lat' dir='ltr'>quasi</span> <span class='ocrx_word' id='word_1_158' title='bbox 687 1424 835 1455; x_wconf 85' lang='lat' dir='ltr'>vestros</span> <span class='ocrx_word' id='word_1_159' title='bbox 860 1419 1023 1455; x_wconf 86' lang='lat' dir='ltr'>honores</span> <span class='ocrx_word' id='word_1_160' title='bbox 1041 1423 1314 1464; x_wconf 83' lang='lat' dir='ltr'>contemnant;</span> 
     </span>
     <span class='ocr_line' id='line_1_22' title="bbox 134 1482 1314 1531; baseline -0.001 -12"><span class='ocrx_word' id='word_1_161' title='bbox 134 1484 191 1519; x_wconf 88' lang='lat' dir='ltr'>ita</span> <span class='ocrx_word' id='word_1_162' title='bbox 215 1483 284 1519; x_wconf 91' lang='lat' dir='ltr'>hos</span> <span class='ocrx_word' id='word_1_163' title='bbox 309 1487 460 1531; x_wconf 86' lang='lat' dir='ltr'>petunt,</span> <span class='ocrx_word' id='word_1_164' title='bbox 481 1483 591 1531; x_wconf 80' lang='lat' dir='ltr'>quasi</span> <span class='ocrx_word' id='word_1_165' title='bbox 616 1482 775 1518; x_wconf 86' lang='lat' dir='ltr'>honeste</span> <span class='ocrx_word' id='word_1_166' title='bbox 800 1482 980 1519; x_wconf 84' lang='lat' dir='ltr'>vixerint.</span> <span class='ocrx_word' id='word_1_167' title='bbox 1040 1482 1126 1518; x_wconf 89' lang='lat' dir='ltr'>Nae</span> <span class='ocrx_word' id='word_1_168' title='bbox 1148 1482 1206 1518; x_wconf 87' lang='lat' dir='ltr'>illi</span> <span class='ocrx_word' id='word_1_169' title='bbox 1225 1482 1314 1518; x_wconf 80' lang='lat' dir='ltr'>falsi</span> 
     </span>
     <span class='ocr_line' id='line_1_23' title="bbox 135 1545 1314 1595; baseline 0 -13"><span class='ocrx_word' id='word_1_170' title='bbox 135 1551 237 1591; x_wconf 85' lang='lat' dir='ltr'>sunt,</span> <span class='ocrx_word' id='word_1_171' title='bbox 254 1547 321 1595; x_wconf 91' lang='lat' dir='ltr'>qui</span> <span class='ocrx_word' id='word_1_172' title='bbox 340 1546 619 1582; x_wconf 78' lang='lat' dir='ltr'>diversissimas</span> <span class='ocrx_word' id='word_1_173' title='bbox 638 1559 698 1582; x_wconf 90' lang='lat' dir='ltr'>res</span> <span class='ocrx_word' id='word_1_174' title='bbox 718 1546 864 1594; x_wconf 83' lang='lat' dir='ltr'>pariter</span> <span class='ocrx_word' id='word_1_175' title='bbox 882 1549 1120 1594; x_wconf 78' lang='lat' dir='ltr'>exspectant,</span> <span class='ocrx_word' id='word_1_176' title='bbox 1137 1545 1314 1594; x_wconf 81' lang='lat' dir='ltr'>ignaviae</span> 
     </span>
     <span class='ocr_line' id='line_1_24' title="bbox 134 1609 1313 1658; baseline -0.001 -13"><span class='ocrx_word' id='word_1_177' title='bbox 134 1611 375 1658; x_wconf 83' lang='lat' dir='ltr'>voluptatem</span> <span class='ocrx_word' id='word_1_178' title='bbox 403 1614 444 1646; x_wconf 85' lang='lat' dir='ltr'>et</span> <span class='ocrx_word' id='word_1_179' title='bbox 467 1610 638 1658; x_wconf 80' lang='lat' dir='ltr'>praemia</span> <span class='ocrx_word' id='word_1_180' title='bbox 662 1610 830 1646; x_wconf 87' lang='lat' dir='ltr'>Virtutis.</span> <span class='ocrx_word' id='word_1_181' title='bbox 889 1609 1023 1658; x_wconf 86' lang='lat' dir='ltr'>Atque</span> <span class='ocrx_word' id='word_1_182' title='bbox 1049 1610 1165 1645; x_wconf 87' lang='lat' dir='ltr'>etiam</span> <span class='ocrx_word' id='word_1_183' title='bbox 1194 1622 1313 1658; x_wconf 88' lang='lat' dir='ltr'>quum</span> 
     </span>
     <span class='ocr_line' id='line_1_25' title="bbox 135 1662 1314 1723; baseline -0.002 -13"><span class='ocrx_word' id='word_1_184' title='bbox 135 1674 238 1723; x_wconf 80' lang='lat' dir='ltr'>apud</span> <span class='ocrx_word' id='word_1_185' title='bbox 266 1687 334 1710; x_wconf 91' lang='lat' dir='ltr'>vos</span> <span class='ocrx_word' id='word_1_186' title='bbox 361 1677 431 1710; x_wconf 81' lang='lat' dir='ltr'>aut</span> <span class='ocrx_word' id='word_1_187' title='bbox 457 1662 499 1709; x_wconf 87' lang='lat' dir='ltr'>in</span> <span class='ocrx_word' id='word_1_188' title='bbox 526 1677 663 1710; x_wconf 86' lang='lat' dir='ltr'>senatu</span> <span class='ocrx_word' id='word_1_189' title='bbox 691 1674 810 1709; x_wconf 80' lang='lat' dir='ltr'>verba</span> <span class='ocrx_word' id='word_1_190' title='bbox 837 1673 998 1718; x_wconf 83' lang='lat' dir='ltr'>faciunt,</span> <span class='ocrx_word' id='word_1_191' title='bbox 1024 1673 1206 1721; x_wconf 84' lang='lat' dir='ltr'>pleraque</span> <span class='ocrx_word' id='word_1_192' title='bbox 1234 1685 1314 1708; x_wconf 85' lang='lat' dir='ltr'>ora-</span> 
     </span>
     <span class='ocr_line' id='line_1_26' title="bbox 136 1736 1314 1785; baseline -0.002 -11"><span class='ocrx_word' id='word_1_193' title='bbox 136 1739 240 1774; x_wconf 89' lang='lat' dir='ltr'>tione</span> <span class='ocrx_word' id='word_1_194' title='bbox 280 1738 444 1785; x_wconf 81' lang='lat' dir='ltr'>majores</span> <span class='ocrx_word' id='word_1_195' title='bbox 486 1750 574 1773; x_wconf 91' lang='lat' dir='ltr'>suos</span> <span class='ocrx_word' id='word_1_196' title='bbox 617 1737 835 1784; x_wconf 80' lang='lat' dir='ltr'>extollunt3</span> <span class='ocrx_word' id='word_1_197' title='bbox 881 1750 1013 1773; x_wconf 85' lang='lat' dir='ltr'>eorum</span> <span class='ocrx_word' id='word_1_198' title='bbox 1056 1737 1174 1772; x_wconf 80' lang='lat' dir='ltr'>fortia</span> <span class='ocrx_word' id='word_1_199' title='bbox 1210 1736 1314 1772; x_wconf 79' lang='lat' dir='ltr'>faeta</span> 
     </span>
     <span class='ocr_line' id='line_1_27' title="bbox 135 1800 1313 1849; baseline -0.002 -12"><span class='ocrx_word' id='word_1_200' title='bbox 135 1801 382 1837; x_wconf 82' lang='lat' dir='ltr'>memorando</span> <span class='ocrx_word' id='word_1_201' title='bbox 408 1801 586 1837; x_wconf 85' lang='lat' dir='ltr'>clariores</span> <span class='ocrx_word' id='word_1_202' title='bbox 612 1813 692 1837; x_wconf 88' lang='lat' dir='ltr'>sese</span> <span class='ocrx_word' id='word_1_203' title='bbox 720 1804 870 1849; x_wconf 87' lang='lat' dir='ltr'>putant.</span> <span class='ocrx_word' id='word_1_204' title='bbox 930 1800 1041 1844; x_wconf 81' lang='lat' dir='ltr'>Quod</span> <span class='ocrx_word' id='word_1_205' title='bbox 1071 1804 1205 1836; x_wconf 84' lang='lat' dir='ltr'>contra</span> <span class='ocrx_word' id='word_1_206' title='bbox 1232 1804 1313 1836; x_wconf 84' lang='lat' dir='ltr'>est:</span> 
     </span>
     <span class='ocr_line' id='line_1_28' title="bbox 135 1863 1313 1913; baseline -0.001 -13"><span class='ocrx_word' id='word_1_207' title='bbox 135 1878 225 1900; x_wconf 90' lang='lat' dir='ltr'>nam</span> <span class='ocrx_word' id='word_1_208' title='bbox 263 1868 408 1912; x_wconf 83' lang='lat' dir='ltr'>quanto</span> <span class='ocrx_word' id='word_1_209' title='bbox 440 1865 523 1900; x_wconf 81' lang='lat' dir='ltr'>vita</span> <span class='ocrx_word' id='word_1_210' title='bbox 559 1865 714 1900; x_wconf 88' lang='lat' dir='ltr'>illorum</span> <span class='ocrx_word' id='word_1_211' title='bbox 752 1864 994 1913; x_wconf 84' lang='lat' dir='ltr'>praeclarior,</span> <span class='ocrx_word' id='word_1_212' title='bbox 1029 1868 1139 1900; x_wconf 88' lang='lat' dir='ltr'>tanto</span> <span class='ocrx_word' id='word_1_213' title='bbox 1176 1863 1313 1899; x_wconf 86' lang='lat' dir='ltr'>horum</span> 
     </span>
     <span class='ocr_line' id='line_1_29' title="bbox 136 1927 1312 1976; baseline -0.001 -12"><span class='ocrx_word' id='word_1_214' title='bbox 136 1927 307 1964; x_wconf 81' lang='lat' dir='ltr'>secordia</span> <span class='ocrx_word' id='word_1_215' title='bbox 338 1927 571 1975; x_wconf 83' lang='lat' dir='ltr'>flagitiosior.</span> <span class='ocrx_word' id='word_1_216' title='bbox 630 1927 685 1963; x_wconf 88' lang='lat' dir='ltr'>Et</span> <span class='ocrx_word' id='word_1_217' title='bbox 716 1927 889 1976; x_wconf 80' lang='lat' dir='ltr'>profecto</span> <span class='ocrx_word' id='word_1_218' title='bbox 922 1927 977 1963; x_wconf 85' lang='lat' dir='ltr'>ita</span> <span class='ocrx_word' id='word_1_219' title='bbox 1010 1940 1049 1963; x_wconf 92' lang='lat' dir='ltr'>se</span> <span class='ocrx_word' id='word_1_220' title='bbox 1081 1940 1141 1963; x_wconf 89' lang='lat' dir='ltr'>res</span> <span class='ocrx_word' id='word_1_221' title='bbox 1173 1927 1312 1963; x_wconf 84' lang='lat' dir='ltr'>habet:</span> 
     </span>
     <span class='ocr_line' id='line_1_30' title="bbox 135 1991 1314 2039; baseline 0 -13"><span class='ocrx_word' id='word_1_222' title='bbox 135 1991 324 2038; x_wconf 84' lang='lat' dir='ltr'>majorum</span> <span class='ocrx_word' id='word_1_223' title='bbox 349 1991 470 2038; x_wconf 83' lang='lat' dir='ltr'>gloria</span> <span class='ocrx_word' id='word_1_224' title='bbox 494 1991 657 2039; x_wconf 89' lang='lat' dir='ltr'>posteris</span> <span class='ocrx_word' id='word_1_225' title='bbox 682 1991 813 2027; x_wconf 88' lang='lat' dir='ltr'>lumen</span> <span class='ocrx_word' id='word_1_226' title='bbox 832 1994 901 2036; x_wconf 79' lang='lat' dir='ltr'>est,</span> <span class='ocrx_word' id='word_1_227' title='bbox 922 2003 1045 2039; x_wconf 89' lang='lat' dir='ltr'>neque</span> <span class='ocrx_word' id='word_1_228' title='bbox 1067 1991 1169 2026; x_wconf 87' lang='lat' dir='ltr'>bona</span> <span class='ocrx_word' id='word_1_229' title='bbox 1190 2003 1314 2039; x_wconf 90' lang='lat' dir='ltr'>neque</span> 
     </span>
     <span class='ocr_line' id='line_1_31' title="bbox 135 2054 1314 2103; baseline 0 -13"><span class='ocrx_word' id='word_1_230' title='bbox 135 2055 237 2091; x_wconf 87' lang='lat' dir='ltr'>mala</span> <span class='ocrx_word' id='word_1_231' title='bbox 266 2054 307 2090; x_wconf 87' lang='lat' dir='ltr'>in</span> <span class='ocrx_word' id='word_1_232' title='bbox 337 2055 487 2090; x_wconf 86' lang='lat' dir='ltr'>occulto</span> <span class='ocrx_word' id='word_1_233' title='bbox 518 2054 676 2103; x_wconf 86' lang='lat' dir='ltr'>patitur.</span> <span class='ocrx_word' id='word_1_234' title='bbox 735 2054 912 2102; x_wconf 85' lang='lat' dir='ltr'>Hujusce</span> <span class='ocrx_word' id='word_1_235' title='bbox 947 2054 1004 2090; x_wconf 85' lang='lat' dir='ltr'>rei</span> <span class='ocrx_word' id='word_1_236' title='bbox 1040 2066 1108 2102; x_wconf 85' lang='lat' dir='ltr'>ego</span> <span class='ocrx_word' id='word_1_237' title='bbox 1144 2054 1314 2103; x_wconf 83' lang='lat' dir='ltr'>inopiam</span> 
     </span>
     <span class='ocr_line' id='line_1_32' title="bbox 135 2117 1315 2167; baseline 0 -14"><span class='ocrx_word' id='word_1_238' title='bbox 135 2117 273 2167; x_wconf 83' lang='lat' dir='ltr'>patior,</span> <span class='ocrx_word' id='word_1_239' title='bbox 305 2117 498 2164; x_wconf 66' lang='lat' dir='ltr'>Quirites,</span> <span class='ocrx_word' id='word_1_240' title='bbox 536 2130 683 2162; x_wconf 88' lang='lat' dir='ltr'>verum,</span> <span class='ocrx_word' id='word_1_241' title='bbox 714 2117 754 2153; x_wconf 87' lang='lat' dir='ltr'>id</span> <span class='ocrx_word' id='word_1_242' title='bbox 786 2117 888 2166; x_wconf 88' lang='lat' dir='ltr'>quod</span> <span class='ocrx_word' id='word_1_243' title='bbox 925 2118 1048 2153; x_wconf 90' lang='lat' dir='ltr'>multo</span> <span class='ocrx_word' id='word_1_244' title='bbox 1080 2118 1315 2166; x_wconf 84' lang='lat' dir='ltr'>praeclarius</span> 
     </span>
     <span class='ocr_line' id='line_1_33' title="bbox 136 2180 1313 2227; baseline -0.001 -9"><span class='ocrx_word' id='word_1_245' title='bbox 136 2185 206 2227; x_wconf 81' lang='lat' dir='ltr'>est,</span> <span class='ocrx_word' id='word_1_246' title='bbox 238 2184 405 2218; x_wconf 83' lang='lat' dir='ltr'>meamet</span> <span class='ocrx_word' id='word_1_247' title='bbox 435 2180 540 2217; x_wconf 78' lang='lat' dir='ltr'>faeta</span> <span class='ocrx_word' id='word_1_248' title='bbox 575 2181 671 2217; x_wconf 80' lang='lat' dir='ltr'>mihi</span> <span class='ocrx_word' id='word_1_249' title='bbox 703 2180 828 2217; x_wconf 84' lang='lat' dir='ltr'>dicere</span> <span class='ocrx_word' id='word_1_250' title='bbox 864 2181 964 2218; x_wconf 88' lang='lat' dir='ltr'>licet.</span> <span class='ocrx_word' id='word_1_251' title='bbox 1022 2181 1141 2217; x_wconf 86' lang='lat' dir='ltr'>Nune</span> <span class='ocrx_word' id='word_1_252' title='bbox 1172 2180 1313 2227; x_wconf 88' lang='lat' dir='ltr'>videte,</span> 
     </span>
    </p>
   </div>
  </div>
 </body>
</html>
