1543 2449
331 106 623 150 SALLUSTJJ
655 105 961 144 JUGURTHA.
1192 104 1238 141 15

69 194 168 244 regis
198 193 441 242 largitionem
475 192 661 229 famosam
697 191 1047 241 impudentemque,
1080 190 1239 235 veritus,

70 259 171 308 quod
196 258 238 295 in
264 257 336 294 tali
360 270 401 294 re
429 257 537 303 solet,
557 270 606 294 ne
630 257 779 306 polluta
802 256 959 292 licentia
977 255 1163 291 invidiam
1183 267 1241 291 ac-

70 322 259 367 cenderet,
280 321 451 357 animum
471 334 494 357 a
512 325 695 358 consueta
713 320 885 357 lubidjne
905 319 1107 356 continuit.

148 384 265 421 XVI.
323 384 434 420 Vicit
461 388 592 420 tamen
614 384 656 420 in
674 387 811 420 senatu
829 394 918 433 pars
934 382 1013 428 illa,
1034 394 1132 430 quae
1149 393 1242 418 vero

69 448 238 498 pretium
267 452 336 485 aut
362 448 527 497 gratiam
554 447 804 485 anteferebat.
861 447 1069 484 Decretum
1097 445 1153 491 fit,
1182 445 1242 481 uti

71 507 201 549 decem
230 512 348 560 legati
374 525 547 560 regnum,
567 512 669 560 quod
697 512 863 561 Micipsa
889 511 1121 557 obtinuerat,
1140 510 1243 546 inter

69 576 307 624 Jvugurtham
344 579 384 613 et
418 576 681 612 Adherbalem
718 576 958 612 dividerent:
1001 575 1110 623 cujus
1145 575 1243 623 lega-

69 639 188 676 tionis
206 640 385 689 princeps
403 640 481 676 fuit
500 640 542 676 L.
561 639 748 688 Opimius,
765 639 877 676 homo
897 640 1022 675 clarus
1041 642 1080 674 et
1098 642 1182 674 tum
1202 638 1243 674 in

70 709 207 742 senatu
235 709 372 753 potens
385 718 395 752 3
423 705 514 753 quia
539 704 671 741 consul
698 704 738 741 O.
761 704 934 741 Graccho
962 707 1001 740 et
1026 703 1081 740 M.
1104 703 1244 739 Fulvio

70 769 208 805 Flacco
227 769 442 805 interfectis
461 769 644 805 acerrime
658 768 860 804 victoriam
880 768 1095 805 nobilitatis
1114 768 1155 804 in
1169 768 1244 817 ple-

69 832 157 868 bem
186 835 420 869 exercuerat.
478 831 580 868 Eum
612 831 640 868 J
644 831 811 879 ugurtha
839 831 995 867 tametsi
1024 831 1172 867 Romae
1203 831 1245 866 in

69 895 237 931 inimicis
255 895 454 940 habuerat,
470 898 602 931 tamen
616 895 902 931 accuratissime
916 894 1061 943 recepit
1078 907 1088 941 3
1118 894 1245 930 dando

71 962 110 994 et
129 958 378 1007 pollicitando
396 958 520 994 multa
538 958 712 1007 perfecit,
734 959 792 994 uti
811 958 926 1003 fama,
947 958 1033 1003 fide,
1053 961 1245 1006 postremo

71 1021 248 1057 omnibus
267 1021 346 1057 suis
368 1021 482 1057 rebus
505 1021 746 1058 commodum
772 1020 871 1069 regis
893 1020 1114 1058 anteferret.
1173 1020 1246 1057 Re-

71 1083 196 1132 liquos
223 1084 369 1133 legatos
398 1084 531 1121 eadem
559 1084 624 1120 via
651 1096 862 1132 aggressus,
891 1084 1091 1132 plerosque
1120 1084 1245 1132 capit3

70 1148 203 1196 paucis
231 1148 353 1184 carior
380 1148 475 1184 fides
502 1160 617 1197 quam
645 1148 809 1196 pecunia
835 1147 922 1184 fuit.
980 1147 1031 1184 In
1058 1147 1247 1184 divisione

70 1224 168 1260 quae
192 1224 281 1260 pars
303 1211 514 1248 Numidiae
533 1212 819 1248 Mauretaniam
839 1212 1010 1260 attingit,
1030 1224 1121 1260 agro
1140 1211 1249 1248 viris-

71 1287 144 1323 que
177 1275 406 1324 opulentior,
439 1276 467 1312 J
470 1275 660 1324 ugurthae
696 1276 888 1322 traditur,
929 1276 1036 1312 illam
1072 1276 1246 1321 alteram,

71 1339 195 1388 specie
209 1352 323 1388 quam
344 1352 417 1376 usu
435 1340 635 1388 potiorem,
655 1353 752 1388 quae
771 1340 989 1389 portuosior
1007 1343 1047 1376 et
1065 1340 1248 1376 aedificiis

71 1402 192 1451 magis
210 1406 397 1439 exornata
415 1407 510 1449 erat,
530 1403 732 1440 Adherbal
750 1403 929 1452 possedit.

150 1467 292 1504 XVII.
349 1467 428 1504 Res
440 1468 635 1516 postulare
647 1468 803 1504 videtur
814 1468 974 1504 Africae
986 1468 1104 1504 situm
1116 1467 1249 1516 paucis

72 1544 275 1580 exponere,
296 1535 335 1568 et
360 1544 424 1568 eas
448 1535 594 1580 gentes,
620 1532 849 1581 quibuscum
878 1532 989 1568 nobis
1010 1532 1155 1568 bellum
1180 1536 1250 1567 aut

73 1596 243 1632 amicitia
261 1596 349 1642 fuit,
369 1596 569 1645 attingere.
628 1596 703 1633 Sed
722 1609 820 1645 quae
839 1596 922 1632 loca
941 1600 980 1632 et
1002 1596 1179 1632 nationes
1201 1596 1249 1632 ob

73 1660 236 1696 calorem
265 1664 334 1696 aut
361 1661 620 1709 asperitatem,
644 1660 737 1697 item
766 1660 994 1697 solitudines
1021 1660 1151 1696 minus
1178 1659 1250 1696 fre-

73 1727 259 1771 quentata
278 1727 380 1769 sunt,
401 1724 448 1761 de
466 1724 527 1761 his
554 1724 659 1761 haud
678 1725 791 1761 facile
816 1728 1054 1773 compertum
1074 1736 1252 1760 narrave-

73 1786 146 1822 rim
160 1799 170 1832 ;
199 1790 326 1823 cetera
344 1799 459 1835 quam
474 1788 715 1836 paucissimis
734 1788 941 1824 absolvam.
999 1786 1050 1823 In
1062 1786 1251 1823 divisione

74 1850 176 1886 orbis
194 1854 320 1887 terrae
338 1851 510 1900 plerique
530 1852 571 1887 in
589 1852 717 1900 partia
734 1851 852 1887 tertia
870 1851 1049 1887 Africam
1067 1863 1228 1899 posuere
1241 1864 1250 1896 3

73 1913 187 1962 pauci
206 1914 475 1951 tantummodo
494 1915 635 1952 Asiam
653 1919 693 1952 et
712 1916 908 1964 Europam
928 1927 1009 1950 esse
1022 1927 1032 1961 5
1060 1913 1127 1950 sed
1145 1913 1252 1950 Afri-

74 1990 157 2014 cam
180 1978 222 2013 in
247 1978 413 2027 Europa.
471 1978 530 2015 Ea
555 1979 651 2016 fines
673 1979 791 2015 habet
817 1979 866 2015 ab
891 1977 1089 2014 occidente
1108 1977 1253 2014 fretum

73 2041 198 2077 nostri
215 2042 332 2078 maris
352 2045 391 2078 et
415 2043 573 2090 oceani3
601 2044 650 2080 ab
675 2047 765 2080 ortu
792 2043 883 2080 solis
908 2042 1095 2079 declivem
1122 2041 1253 2078 latitu-

74 2104 216 2150 dinem,
245 2118 359 2153 quem
387 2105 512 2142 locum
548 2106 833 2142 Catabathmon
862 2105 1011 2142 incolae
1042 2105 1250 2154 appellant.

75 2168 186 2205 Mare
198 2181 367 2215 saevum,
381 2169 660 2218 importuosum
669 2183 679 2216 ,-
695 2182 785 2218 ager
796 2169 952 2218 frugum
965 2169 1116 2216 fertilis,
1129 2169 1253 2206 bonus
