1543 2449
413 118 707 156 SALLUSTII
738 117 1044 156 JUGURTHA.
1262 119 1306 156 41

139 206 325 255 cognitus,
356 204 476 240 animi
511 203 755 252 popularium
792 203 933 240 tentati
946 216 956 250 3
993 206 1148 239 coactus
1184 215 1310 239 rerum

138 268 418 306 necessitudine
444 268 584 303 statuit
607 267 724 303 armis
749 272 904 304 certare.
963 267 1092 315 Igitur
1113 267 1313 315 explorato

138 332 305 368 hostium
330 331 468 366 itinere
493 331 535 366 in
560 343 665 379 spem
690 331 874 367 victoriae
899 331 1088 367 adductus
1113 343 1162 366 ex
1181 343 1313 379 oppor-

138 396 306 432 tunitate
342 394 416 430 loci
452 407 567 443 quam
599 395 787 431 maximas
820 395 947 444 copias
979 399 1108 443 potest
1139 395 1310 431 omnium

125 471 318 508 'generum
355 462 478 506 parat,
510 471 553 494 ac
589 471 657 506 per
689 459 864 495 tramites
897 460 1066 495 occultos
1099 459 1310 496 exercitum

139 522 290 558 Metelli
309 521 517 557 antevenit.
576 521 674 557 Erat
695 522 737 557 in
755 534 800 558 ea
818 526 928 570 parte
953 522 1174 568 Numidiae,
1196 535 1311 571 quam

138 586 337 622 Adherbal
373 585 414 620 in
451 585 639 621 divisione
675 585 908 633 possederat,
947 586 1091 622 flumen
1128 587 1254 623 oriens
1291 600 1313 622 a

138 649 307 694 meridie,
340 649 495 684 nomine
523 648 707 695 Muthul3
736 662 759 685 a
786 662 861 698 quo
889 650 1023 687 aberat
1054 663 1163 686 mons
1193 650 1313 686 ferme

137 712 258 748 millia
287 725 469 761 passuum
499 726 578 758 xx„
599 716 728 748 tractu
753 713 848 761 pari,
869 717 1003 750 vastus
1031 715 1079 750 ab
1107 718 1248 751 natura
1275 718 1314 750 et

136 776 305 812 humano
325 776 432 812 cultu
448 790 454 812 :
485 776 550 812 sed
569 789 618 812 ex
637 788 681 812 eo
700 776 826 812 medio
845 777 956 825 quasi
975 777 1083 813 collis
1103 777 1312 822 oriebatur,

137 839 178 874 in
196 838 425 874 immensum
445 838 679 886 pertingenS‚
700 838 866 874 vestitus
889 839 1054 875 oleastro
1073 853 1116 875 ac
1135 840 1314 888 myrtetis

136 901 297 950 aliisque
325 901 528 950 generibus
556 901 748 945 arborum,
778 913 875 949 quae
907 901 1016 937 humi
1053 902 1161 938 arido
1198 907 1313 951 atque

137 977 296 1001 arenoso
327 964 548 1012 gignuntur.
607 963 740 999 Media
777 968 906 1000 autem
943 965 1126 1013 planities
1163 966 1314 1002 deserta

136 1028 299 1077 penuria
335 1039 467 1075 aquae,
505 1030 658 1074 praeter
694 1026 845 1062 flumini
876 1028 1093 1076 propinqua
1122 1029 1227 1065 loca:
1270 1042 1315 1066 ea

138 1091 285 1126 consita
312 1090 491 1135 arbustis,
520 1102 654 1138 pecore
691 1094 808 1138 atque
845 1091 1058 1127 cultoribus
1095 1091 1314 1140 frequenta-

137 1155 288 1190 bantur.

215 1217 367 1253 XLIX.
418 1217 547 1265 Igitur
566 1218 605 1253 in
627 1230 670 1253 eo
690 1218 797 1263 colle,
812 1231 924 1266 quem
941 1222 1160 1255 transverso
1176 1220 1315 1256 itinere

137 1284 355 1329 porrectum
374 1281 585 1327 docuimus,
606 1281 633 1317 J
637 1281 806 1330 ugurtha
825 1286 1038 1318 extenuata
1057 1296 1213 1319 suorum
1234 1284 1314 1319 acie

137 1343 309 1379 consedit
324 1357 334 1390 3
375 1343 590 1391 elephantis
628 1348 669 1380 et
705 1345 809 1393 parti
843 1345 1039 1393 copiarum
1076 1346 1314 1394 pedestrium

138 1406 391 1442 Bomilcarem
407 1406 603 1454 praefecit,
617 1419 780 1456 eumque
796 1407 940 1454 edocet,
954 1421 1051 1456 quae
1066 1413 1197 1457 ageret
1205 1423 1214 1455 3
1233 1409 1315 1458 ipse

139 1469 293 1518 propior
333 1472 505 1504 montem
548 1481 635 1504 cum
678 1469 784 1505 omni
827 1470 1005 1518 equitatu
1044 1475 1084 1506 et
1119 1471 1315 1519 peditibus

139 1534 296 1570 delectis
329 1546 416 1569 suos
446 1533 615 1569 collocat.
688 1533 792 1570 Dein
824 1534 994 1582 singulas
1023 1538 1170 1572 turmas
1199 1540 1315 1584 atque

137 1597 354 1644 manipulos
382 1596 609 1632 circumiens
645 1601 777 1633 monet
813 1601 929 1645 atque
957 1598 1186 1644 obtestatur,
1220 1599 1315 1634 “uti

139 1673 324 1697 memores
342 1660 528 1708 pristinae
540 1660 700 1696 virtutis
720 1665 760 1697 et
773 1661 959 1698 victoriae
979 1675 1059 1698 sese
1079 1675 1315 1711 regnumque

138 1738 249 1761 suum
278 1725 326 1760 ab
355 1724 618 1760 Romanorum
647 1725 813 1761 avaritia
849 1725 1084 1762 defendant:
1132 1739 1218 1762 cum
1255 1727 1315 1763 his

139 1793 331 1825 certamen
350 1788 443 1833 fore,
464 1801 558 1836 quos
578 1792 693 1824 antea
711 1786 834 1825 victos
854 1790 925 1825 sub
949 1789 1086 1837 jugum
1114 1790 1314 1827 miserint:

139 1853 273 1888 ducem
288 1851 377 1896 illis,
391 1864 468 1886 non
483 1851 666 1895 animum,
680 1855 891 1888 mutatum:
913 1864 1010 1900 quae
1023 1853 1071 1887 ab
1086 1853 1315 1901 imperatore

139 1915 349 1960 decuerint,
371 1914 499 1950 omnia
518 1914 597 1949 suis
619 1914 773 1962 provisa
786 1927 796 1960 3
825 1914 951 1950 locum
980 1916 1226 1963 superiorem,
1256 1918 1316 1953 uti

138 1979 347 2028 prudentes
376 1991 462 2014 cum
490 1978 691 2025 imperitis,
712 1990 760 2013 ne
785 1978 984 2026 pauciores
1012 1991 1099 2014 cum
1127 1979 1314 2027 pluribuS,

139 2046 209 2079 aut
235 2041 349 2078 rudes
377 2054 463 2076 cum
491 2040 592 2076 bello
617 2040 840 2076 melioribus
865 2054 1023 2077 manum
1049 2048 1293 2080 consererent
1306 2057 1315 2089 5

140 2107 299 2156 proinde
318 2106 444 2155 parati
470 2105 687 2153 intentique
707 2109 846 2150 essent,
867 2105 976 2153 signo
995 2105 1097 2152 dato,
1120 2106 1316 2144 Romanos

141 2169 321 2206 invadere
336 2182 346 2214 3
374 2168 483 2203 illum
510 2167 611 2202 diem
640 2170 710 2203 aut
737 2180 868 2204 omnes
898 2168 1047 2205 labores
1075 2173 1116 2205 et
1134 2170 1315 2207 victorias
