1543 2449
394 120 692 158 SALLUSTII
723 119 1031 159 JUGURTIIA.
1250 119 1299 157 59

120 206 298 257 persequi
313 209 473 242 conatus
487 218 497 252 3
524 209 729 255 postquam
744 206 784 242 id
799 205 945 242 frustra
957 205 1046 250 fuit,
1062 204 1300 252 ‚Iugurtham

119 269 299 319 placandi
323 269 449 317 gratia
477 269 649 316 accedit3
677 269 784 315 dicit,
815 272 948 317 “quae
976 268 1058 316 ipse
1086 268 1303 316 paravisset

120 335 257 380 facere,
277 333 438 382 perfidia
464 333 616 370 clientis
642 334 703 370 sui
726 337 938 382 praeventa
951 332 987 376 '';
1015 332 1221 369 lacrimans
1241 333 1302 368 ob-

120 399 299 442 testatur,
332 399 436 444 “per
467 395 678 432 amicitiam
710 409 855 445 perque
887 409 957 432 sua
989 399 1104 431 antea
1136 395 1303 431 fideliter

119 464 217 515 acta,
237 472 286 496 ne
306 472 422 508 super
439 459 510 495 tali
529 460 671 496 scelere
690 463 911 508 suspectum
931 472 1012 496 sese
1031 459 1225 496 haberet.''

199 525 377 563 LXXII.
436 525 504 562 Ad
523 538 569 562 ea
586 538 667 571 rex,
688 525 802 562 aliter
826 529 942 573 atque
973 525 1102 560 animo
1131 525 1300 573 gerebat,

119 590 268 639 placide
301 589 510 638 respondit.
580 590 796 626 Bomilcare
826 590 988 638 aliisque
1024 590 1171 635 multis,
1208 602 1303 638 quos

119 655 241 691 socios
270 654 499 690 insidiarum
529 658 772 702 cognoverat,
792 654 1010 690 interfectis
1035 654 1132 690 iram
1152 667 1302 703 oppres-

121 723 235 765 serat,
256 732 304 755 ne
324 732 400 768 qua
428 732 477 755 ex
505 732 549 755 eo
576 719 731 767 negotio
761 718 899 755 seditio
929 719 1104 755 oriretur.
1164 719 1302 768 Neque

119 787 208 831 post
235 783 275 820 id
304 783 473 819 locorum
502 783 530 819 J
533 783 723 831 ugurthae
753 783 834 819 dies
866 786 936 818 aut
964 795 1043 819 nox
1068 783 1148 819 ulla
1172 784 1304 832 quieta

120 847 222 894 fuit5
251 860 374 895 neque
394 847 488 892 1000,
509 859 633 895 neque
652 846 807 882 mortali
827 846 1017 894 cuiquam,
1038 849 1108 882 aut
1126 847 1302 895 tempori,

119 911 215 948 satis
244 911 398 947 credere
412 925 421 957 3
460 911 575 956 cives,
604 910 746 955 hostes,
771 910 889 957 juxta
919 913 1092 946 metuere
1106 924 1115 956 3
1145 910 1302 947 circum-

118 978 292 1023 spectare
311 974 451 1019 omnia,
473 977 513 1010 et
531 974 636 1009 omni
655 974 821 1022 strepitu
835 986 1039 1022 pavescere
1053 987 1062 1020 3
1091 974 1167 1010 alio
1186 978 1302 1023 atque

118 1038 194 1073 alio
214 1038 308 1083 loco,
324 1049 437 1085 saepe
453 1040 587 1072 contra
599 1036 715 1073 decus
729 1037 889 1084 regium,
903 1040 1023 1073 noctu
1040 1037 1279 1085 requiescere
1292 1051 1303 1084 3

118 1101 327 1145 interdum,
366 1112 499 1136 somno
536 1100 688 1136 excitus
726 1100 891 1149 arreptis
934 1101 1052 1136 armis
1088 1101 1302 1137 tumultum

118 1165 244 1201 facere
257 1179 267 1212 3
296 1165 353 1201 ita
371 1165 579 1201 formidine
598 1165 708 1214 quasi
727 1165 906 1201 vecordia
924 1166 1123 1213 exagitari.

197 1229 399 1266 LXXIII.
450 1228 579 1277 Igitur
598 1229 796 1275 Metellus,
810 1230 878 1266 ubi
897 1230 944 1266 de
964 1243 1055 1266 casu
1075 1230 1303 1267 Bomilcaris

118 1297 159 1329 et
176 1293 320 1329 indicio
338 1293 534 1341 patefacto
560 1306 609 1329 cx
636 1293 808 1342 perfugis
836 1294 1027 1342 cognovit,
1048 1307 1181 1331 rursus
1209 1298 1304 1331 tam-

119 1370 234 1406 quam
264 1357 313 1393 ad
343 1357 537 1405 integrum
570 1358 715 1394 bellum
747 1363 887 1395 cuncta
914 1364 1027 1407 parat
1051 1360 1298 1409 festinatque.

119 1423 303 1467 Marium,
322 1422 553 1470 fatigantem
584 1422 631 1458 de
660 1422 910 1471 profectione,
931 1423 1047 1460 simul
1075 1427 1115 1459 et
1132 1424 1301 1460 invitum

118 1491 158 1522 et
185 1486 372 1522 offensum
410 1486 484 1522 sibi
520 1499 657 1534 parum
694 1486 876 1523 idoneum
913 1490 1033 1532 ratus,
1063 1487 1220 1524 domum
1248 1488 1302 1524 di-

117 1550 251 1586 mittit.
311 1550 365 1586 Et
385 1550 533 1586 Romae
552 1550 695 1598 plebes,
715 1550 869 1596 litteris,
891 1563 988 1599 quae
1008 1551 1055 1587 de
1075 1551 1238 1588 Metello
1257 1565 1301 1589 ac

117 1614 246 1650 Mario
264 1614 403 1650 missae
419 1617 541 1659 erant,
558 1614 733 1661 cognitis,
747 1614 895 1650 volenti
909 1615 1038 1651 animo
1053 1615 1100 1651 de
1115 1616 1301 1653 ambobus

117 1681 353 1726 acceperant.
412 1677 645 1726 Imperatori
673 1678 868 1724 nobilitas,
899 1692 997 1727 quae
1025 1683 1141 1715 antea
1160 1679 1300 1726 decori,

117 1742 288 1778 invidiae
307 1754 412 1778 esse:
441 1745 483 1778 at
501 1742 560 1777 illi
588 1742 702 1778 alteri
729 1743 880 1790 generis
907 1742 1109 1780 humilitas
1127 1744 1300 1781 favorem

117 1806 343 1843 addiderat:
372 1809 542 1842 ceterum
572 1806 615 1842 in
647 1810 811 1854 utroque
839 1807 961 1854 magis
980 1807 1111 1844 studia
1129 1809 1300 1857 partium

118 1882 233 1917 quam
263 1869 365 1905 bona
394 1873 464 1905 aut
493 1870 595 1905 mala
622 1882 692 1905 sua
716 1869 916 1906 moderata
935 1874 1036 1906 sunt.
1095 1871 1302 1910 Praeterea

118 1932 291 1968 seditiosi
310 1933 560 1980 magistratus
579 1933 740 1981 vulgum
761 1933 969 1982 exagitare,
991 1933 1196 1971 Metellum
1225 1949 1301 1972 om-

117 1996 233 2032 nibus
252 1995 501 2032 concionibus
527 1996 666 2045 capitis
693 2009 894 2042 arcessere,
916 1997 1036 2034 Marii
1054 1999 1240 2035 virtutem
1259 2001 1300 2036 in

117 2059 242 2107 majus
262 2059 463 2096 celebrare.
522 2059 702 2109 Denique
721 2061 852 2109 plebes
880 2062 934 2097 sic
953 2074 1123 2109 accensa,
1144 2064 1204 2100 uti
1223 2066 1301 2113 opi⁴

118 2124 207 2160 fices
226 2127 471 2172 agrestesque
491 2137 634 2171 omnes,
655 2138 819 2174 quorum
845 2138 905 2161 res
933 2126 1103 2175 fidesque
1122 2127 1163 2163 in
1182 2130 1300 2165 mani-

116 2187 189 2223 bus
209 2187 306 2223 sitae
321 2191 443 2233 erant,
457 2187 602 2224 relictis
614 2188 793 2236 operibus
808 2187 1103 2237 frequentarent
1116 2189 1298 2236 Marium,
