1543 2449
195 93 245 132 74
470 94 605 132 SALL
616 94 768 132 USTII
801 94 1106 133 JUGURTHA.

193 181 222 218 J
225 180 434 229 ugurtham
454 185 524 217 aut
541 181 744 230 praesidiis
759 181 962 227 nudatum,
979 181 1012 218 si
1023 194 1068 218 ea
1079 184 1291 230 pateretur,
1307 184 1377 218 aut

193 245 339 293 proelio
367 248 616 281 certaturum.
675 245 780 281 Nam
810 244 986 281 Bocchus
1014 245 1177 282 nuncios
1205 245 1255 282 ad
1286 258 1375 282 eum

193 321 307 357 saepe
337 309 507 354 miserat,
543 309 676 345 “velle
708 309 842 358 populi
872 308 1042 346 Romani
1072 310 1296 356 amicitiam,
1326 322 1376 346 ne

192 373 288 422 quid
306 373 355 409 ab
374 385 414 409 se
432 372 572 409 hostile
591 373 780 409 timeret.⁷’
827 373 876 409 Id
895 373 1199 419 simulaveritne,
1215 386 1291 422 quo
1309 373 1378 409 im-

193 436 371 485 provisus
388 436 543 484 gravior
557 436 760 482 accideret,
774 450 824 472 an
843 437 1060 473 mobilitate
1078 437 1224 485 ingenii
1243 450 1376 486 pacem

193 504 310 549 atque
328 500 473 535 bellum
492 503 645 536 mutare
664 500 812 546 solitus,
832 513 970 549 parum
989 500 1233 549 exploratum
1253 504 1320 536 est.

272 563 513 599 LXXXIX.
572 563 647 599 Sed
668 564 813 609 consul,
834 564 894 600 uti
913 567 1116 609 statuerat,
1137 564 1279 612 oppida
1301 576 1378 600 cas-

193 627 362 676 tellaque
386 627 540 663 munita
564 627 693 673 adire,
722 627 865 676 partim
885 627 936 673 vi,
957 627 1034 663 alia
1051 631 1159 663 metu
1178 631 1249 663 aut
1272 640 1378 676 prae-

192 690 271 726 mia
284 690 516 726 ostentando
530 694 705 727 avertere
724 691 773 727 ab
787 690 972 727 hostibus.
1017 690 1080 727 Ac
1098 690 1224 739 primo
1238 690 1379 726 medio—

193 754 273 790 cria
296 755 466 803 gerebat,
487 755 716 791 existimans
740 755 980 803 ,Iugurtham
1006 755 1054 791 ob
1080 767 1169 791 suos
1192 754 1378 791 tutandos

192 819 234 854 in
259 831 398 854 manus
422 822 642 854 venturum.
703 819 778 855 Sed
798 819 866 855 ubi
885 819 996 854 illum
1021 818 1156 867 procul
1181 818 1313 854 abesse
1339 822 1380 854 et

192 883 279 919 aliis
297 883 463 932 negotiis
481 883 677 919 intentum
697 884 857 932 accepit,
878 883 1025 930 majora
1044 886 1084 919 et
1102 882 1224 931 magis
1243 895 1379 931 aspera

192 947 349 996 aggredi
368 951 522 996 tempus
536 947 663 983 visum
684 951 751 983 est.
811 947 910 983 Erat
928 947 1032 983 inter
1050 947 1228 995 ingentes
1247 947 1379 983 solitu-

192 1011 302 1047 dines
328 1011 513 1060 oppidum
538 1024 722 1059 magimm
748 1015 866 1059 atque
891 1011 1037 1056 valens,
1058 1011 1214 1047 nomine
1241 1010 1377 1059 Capsa,

192 1076 303 1123 cujus
335 1075 513 1111 conditor
545 1075 737 1111 Hercules
769 1075 890 1124 Libys
925 1076 1222 1111 memorabatur.
1282 1075 1380 1122 Ejus

192 1139 296 1175 cives
323 1139 428 1188 apud
454 1139 482 1176 J
486 1139 694 1187 ugurtham
723 1139 926 1184 immunes,
956 1139 1034 1175 levi
1062 1139 1235 1187 imperio,
1263 1142 1303 1175 ct
1330 1139 1379 1174 ob

191 1216 237 1240 ea
255 1203 470 1240 fidelissimi
488 1203 744 1249 habebantur,
764 1203 909 1239 muniti
928 1202 1133 1239 adversum
1152 1203 1282 1239 hostes
1301 1216 1380 1239 non
1400 1204 1403 1208 ’

191 1268 394 1304 moenibus
430 1267 544 1304 modo
577 1271 617 1304 et
649 1267 766 1304 armis
799 1271 917 1316 atque
953 1267 1061 1312 viris,
1092 1280 1228 1304 verum
1261 1267 1379 1303 etiam

192 1331 317 1368 multo
353 1331 476 1379 magis
512 1331 683 1367 locorum
716 1331 936 1380 asperitate.
994 1331 1099 1368 Nam
1132 1335 1286 1379 praeter
1318 1343 1381 1379 op-

191 1395 283 1444 pido
324 1395 543 1444 propinqua
583 1395 660 1431 alia
698 1395 828 1431 omnia
866 1398 989 1440 vasta,
1027 1394 1188 1439 inculta,
1227 1394 1382 1442 egentia

191 1471 326 1508 aquae,
346 1459 491 1495 infesta
509 1459 754 1508 serpentibus
767 1472 777 1505 3
797 1472 961 1508 quarum
981 1458 1052 1504 vis,
1073 1458 1189 1494 sicuti
1208 1458 1380 1495 omnium

192 1523 376 1569 ferarum,
392 1523 524 1572 inopia
543 1523 619 1559 cibi
638 1523 779 1569 aerim-3
806 1523 855 1559 ad
874 1523 946 1558 hoc
965 1526 1108 1558 natura
1127 1522 1378 1571 serpentium,

192 1587 276 1636 ipsa
303 1587 531 1636 perniciosa,
560 1587 627 1623 siti
658 1587 782 1635 magis
810 1600 926 1635 quam
957 1586 1034 1622 alia
1065 1599 1107 1622 re
1139 1585 1377 1622 accenditur.

194 1651 291 1699 Ejus
311 1651 485 1700 potiendi
501 1651 673 1688 Marium
694 1651 866 1688 maxima
880 1651 1020 1699 cupido
1038 1650 1247 1696 invaserat,
1261 1663 1381 1700 quum

191 1719 351 1764 propter
375 1728 489 1752 usum
508 1716 612 1761 belli,
633 1719 717 1752 tum
738 1715 830 1764 quia
849 1728 909 1751 res
929 1728 1064 1763 aspera
1083 1715 1291 1761 videbatur
1303 1727 1313 1761 3
1342 1718 1382 1750 et

193 1779 379 1816 Metellus
398 1780 583 1829 oppidum
603 1780 765 1816 Thalam
785 1792 926 1827 magna
948 1779 1070 1827 gloria
1089 1782 1255 1827 ceperat,
1276 1778 1381 1814 haud

192 1843 433 1880 dissimiliter
461 1844 580 1880 situm
609 1843 894 1892 munitumque,
918 1843 994 1879 nisi
1022 1843 1126 1892 quod
1154 1842 1257 1891 apud
1285 1842 1381 1879 Tha-

192 1907 270 1943 lam
295 1907 401 1944 haud
425 1908 538 1956 longe
562 1921 585 1944 a
603 1908 806 1944 moenibus
825 1908 975 1957 aliquot
994 1907 1123 1944 fontes
1142 1911 1265 1953 erant,
1287 1907 1381 1956 Cap-

192 1983 322 2007 senses
347 1984 426 2008 una
449 1972 575 2018 modo,
600 1977 717 2021 atque
743 1985 788 2009 ea
813 1973 918 2008 intra
940 1972 1138 2021 oppidum,
1157 1972 1243 2020 jugi
1268 1985 1379 2020 aqua,

192 2038 321 2071 cetera
339 2035 474 2083 pluvia
492 2037 714 2073 utebantur.
765 2036 814 2073 Id
834 2037 965 2085 ibique
985 2040 1026 2072 et
1044 2036 1086 2072 in
1105 2036 1210 2072 omni
1229 2035 1379 2079 Africa,

191 2111 291 2147 quae
318 2099 453 2147 procul
480 2112 504 2136 a
530 2101 630 2136 mari
654 2100 842 2137 incultius
868 2101 1017 2149 agebat,
1042 2112 1086 2136 eo
1111 2099 1265 2136 facilius
1289 2098 1381 2135 tole-

192 2162 364 2208 rabatur,
402 2163 494 2212 quia
537 2163 734 2201 Numidae
778 2165 1006 2214 plerumque
1042 2164 1142 2200 lacte
1180 2167 1220 2200 et
1255 2162 1381 2200 ferina
