1543 2449
406 97 699 136 SALLUSTIJ
732 97 1042 135 JUGURTHA.
1294 102 1314 137 9

222 184 321 221 XII.
379 184 510 222 Primo
543 188 747 231 conventu,
777 198 890 234 quem
920 187 969 222 ab
998 187 1140 236 regulis
1169 187 1316 227 factum

143 260 259 296 supra
276 248 497 293 memoravi,
513 252 670 296 propter
684 248 959 285 dissensionem
977 250 1176 299 placuerat
1195 252 1317 289 dividi

142 313 341 350 thesauros
366 313 537 361 finesque
562 313 714 362 imperii
739 314 901 362 singulis
926 315 1119 353 constitui.
1177 315 1317 365 Itaque

141 381 293 426 tempus
318 377 367 413 ad
393 381 595 426 utramque
620 391 700 414 rem
720 377 951 424 decernitur,
971 378 1037 415 sed
1059 380 1249 416 maturius
1268 380 1317 416 ad

141 442 343 490 pecuniam
366 441 682 478 distribuendam.
741 441 884 489 Reguli
905 442 1053 479 interea
1070 443 1111 479 in
1134 444 1217 480 loca
1234 457 1317 493 pro-

134 491 286 554 pinqua
304 506 506 551 thesauris,
521 506 619 542 alius
638 507 725 551 alio,
742 519 969 544 concessere.
1018 507 1093 552 Sed
1113 507 1317 556 Hiempsal

141 571 182 606 in
212 569 351 618 oppido
374 569 588 616 ⁵Thirmida
620 569 720 606 forte
752 570 835 617 ejus
865 570 977 607 domo
1009 572 1203 617 utebatur,
1237 571 1315 619 qui,

140 634 339 682 proximus
367 634 480 669 lictor
507 633 727 681 Jugurthae
753 646 863 670 carus
889 639 1143 684 acceptusque
1168 647 1318 684 semper

139 697 291 743 fuerat,
320 710 433 746 quem
461 697 527 733 ille
555 710 645 732 casu
672 696 893 733 ministrum
919 698 1092 734 oblatum
1120 699 1317 747 promissis

139 765 275 797 onerat
299 761 550 809 impellitque,
572 761 630 796 uti
655 764 853 809 tamquam
879 774 987 797 suam
1008 762 1135 798 visens
1160 762 1316 799 domum

139 829 213 871 eat,
233 829 432 874 portarum
453 824 578 860 claves
601 824 839 860 adulterinas
865 829 998 873 paret,
1026 838 1116 861 nam
1135 839 1248 863 verae
1267 826 1315 863 ad

139 889 404 937 Hiempsalem
424 887 708 934 referebantur,
728 892 910 934 ceterum,
924 889 991 925 ubi
1010 901 1070 925 res
1089 889 1315 937 postularet,

138 965 178 989 se
197 952 322 1000 ipsum
343 964 429 987 cum
449 963 589 998 magna
606 963 724 987 manu
743 955 962 988 venturum.
1021 951 1195 988 Numida
1213 965 1317 989 man-

138 1016 229 1052 data
256 1015 365 1051 brevi
393 1014 559 1051 confecit
586 1018 714 1063 atque,
741 1019 786 1051 ut
813 1015 949 1052 doctus
977 1019 1072 1062 erat,
1101 1020 1220 1052 noctu
1247 1016 1275 1053 J
1278 1030 1317 1053 u-

137 1078 300 1127 gurthae
331 1078 475 1114 milites
508 1078 731 1114 introducit.
789 1078 866 1122 Qui
898 1083 1101 1128 postquam
1134 1079 1175 1115 in
1203 1079 1317 1117 aedes

136 1143 320 1191 irrupere,
354 1142 498 1178 diversi
534 1155 662 1190 regem
699 1155 881 1191 quaerere
894 1156 904 1190 3
942 1144 1176 1181 dormientes
1208 1145 1315 1191 alios,

136 1207 231 1243 alios
268 1210 512 1243 occursantes
549 1206 764 1243 interficere
777 1220 787 1254 3
834 1208 999 1244 scrutari
1041 1208 1125 1244 loca
1160 1208 1316 1255 abdita3

137 1270 266 1306 clausa
290 1270 491 1318 effringere
504 1283 514 1316 5
543 1270 710 1319 strepitu
735 1274 775 1306 et
798 1271 973 1307 tumultu
1001 1271 1130 1307 omnia
1157 1271 1316 1307 miscere

136 1346 255 1382 quum
289 1333 495 1381 Hiempsal
531 1333 688 1369 interim
726 1334 929 1382 reperitur,
963 1334 1161 1371 occultans
1198 1347 1238 1371 se
1274 1335 1316 1371 in

135 1397 292 1445 tugurio
310 1397 483 1433 mulieris
501 1397 675 1442 ancillae,
690 1410 765 1445 quo
784 1398 897 1434 initio
916 1398 1080 1447 pavidus
1099 1402 1139 1434 et
1157 1398 1316 1446 ignarus

135 1461 210 1497 loci
234 1460 466 1509 perfugerat.
524 1460 719 1497 Numidae
743 1465 860 1511 caput
878 1462 972 1510 ejus,
993 1462 1052 1498 uti
1073 1462 1173 1510 jussi
1191 1466 1313 1509 erant,

135 1525 185 1562 ad
203 1525 230 1561 J
234 1524 442 1573 ugurtham
461 1524 645 1562 referunt.

215 1589 339 1625 XIII.
397 1588 577 1626 Ceterum
601 1589 705 1626 fama
727 1590 830 1626 tanti
857 1589 1040 1626 facinoris
1067 1603 1136 1639 per
1163 1603 1314 1627 omnem

136 1659 313 1695 Africam
331 1658 441 1694 brevi
460 1658 686 1706 divulgatur
698 1672 708 1705 3
736 1658 1000 1695 Adherbalem
1016 1672 1234 1708 omnesque,
1248 1660 1316 1708 qui

136 1723 208 1759 sub
226 1722 387 1771 imperio
407 1722 596 1771 Micipsae
614 1710 782 1768 fuerant,
803 1726 930 1759 metus
954 1723 1129 1769 invadit3
1158 1723 1200 1759 in
1219 1723 1315 1760 duas

135 1790 264 1835 partes
292 1786 523 1831 discedunt3
550 1786 681 1836 plures
707 1785 972 1823 Adherbalem
1000 1790 1227 1835 sequuntur,
1248 1788 1314 1824 sed

136 1849 246 1884 illum
271 1848 436 1884 alterum
461 1849 561 1885 bello
584 1849 769 1886 meliores.
827 1849 957 1898 Igitur
978 1850 1005 1886 J
1009 1850 1177 1897 ugurtha
1198 1863 1314 1899 quam

136 1912 324 1949 maximas
346 1916 474 1961 potest
502 1913 629 1961 copias
657 1916 805 1960 armat3
835 1914 949 1949 urbes
976 1914 1119 1962 partim
1147 1914 1198 1959 vi,
1218 1914 1315 1951 alias

135 1976 337 2012 voluntate
365 1976 526 2025 imperio
554 1988 622 2012 suo
650 1976 851 2025 adjungit3
880 1977 985 2014 omni
1012 1977 1223 2015 Numidiae
1247 1978 1314 2015 im·

135 2053 269 2089 perare
307 2044 429 2089 parat.
502 2040 716 2085 Adherbal,
757 2040 913 2077 tametsi
959 2040 1123 2078 Romam
1168 2041 1314 2089 legatos

136 2104 305 2150 miserat,
326 2105 393 2153 qui
411 2108 587 2141 senatum
608 2104 790 2140 docerent
809 2104 855 2140 de
879 2104 993 2140 caede
1018 2104 1151 2141 fratris
1173 2108 1213 2141 et
1240 2104 1313 2141 for-

135 2168 242 2205 tunis
260 2168 351 2215 suis,
372 2172 514 2214 tamen,
537 2168 661 2206 fretus
680 2168 932 2206 multitudine
951 2169 1132 2215 militum,
1151 2169 1314 2219 parabat
