1543 2449
216 124 264 160 68
489 119 784 159 SALLUSTJJ
818 118 1127 157 JUGURTHA.

214 209 296 258 peti
314 208 462 245 debere.
521 207 660 255 Neque
684 218 746 242 me
764 205 879 251 fallit,
899 208 1089 254 quantum
1115 217 1201 241 cum
1226 204 1398 242 maximo

214 273 401 310 beneficio
437 274 566 307 vestro
603 269 750 318 negotii
786 269 1007 305 sustineam.
1067 269 1220 305 Bellum
1260 281 1398 318 parare

216 337 343 382 simul,
364 340 404 372 et
422 334 569 371 aerario
588 346 745 383 parcere
758 347 768 380 3
797 345 929 382 cogere
949 332 997 369 ad
1022 332 1202 369 militiam
1221 345 1285 369 eos
1304 344 1400 381 quos

216 401 316 437 nolis
344 399 560 444 offendere,
598 397 702 433 domi
730 397 900 446 forisque
928 396 1058 433 omnia
1089 410 1222 434 curare
1236 410 1246 444 3
1283 401 1324 433 et
1355 409 1401 433 ea

217 477 329 513 agere
365 464 469 499 inter
504 462 669 507 invidos,
699 465 955 506 occursantes,
984 460 1177 507 factiosos,
1206 462 1399 511 opinione,

219 527 402 572 Quirites,
423 525 596 575 asperius
616 529 682 562 est.
741 525 808 562 Ad
831 525 902 561 1100
922 524 989 561 alii
1007 525 1040 561 si
1059 525 1266 574 deliquere,
1286 529 1401 562 vetus

218 591 413 636 nobilitas,
451 590 641 638 majorum
679 589 797 626 fortia
834 589 950 635 facta,
984 593 1234 638 cognatorum
1272 593 1313 626 et
1348 589 1402 626 af-

219 655 355 691 finium
383 666 485 703 01365,
515 653 661 689 multae
690 653 902 699 clientelae,
932 653 1062 690 omnia
1089 653 1183 689 haec
1210 653 1403 702 praesidio

219 715 384 752 adsunt:
413 714 510 750 mihi
529 727 614 763 spes
633 727 765 750 omnes
783 714 825 749 in
844 718 988 750 memet
1006 714 1114 759 sitae,
1135 726 1230 762 quas
1249 726 1403 750 necesse

219 782 280 815 est
307 782 348 815 et
371 778 520 814 virtute
545 782 586 814 et
612 778 835 814 innocentia
859 778 1003 814 tutari:
1033 791 1123 814 nam
1149 777 1226 814 alia
1250 778 1404 814 infirma

221 846 322 879 sunt.
382 842 437 878 Et
455 842 553 878 illud
576 842 763 890 intelligo,
785 842 968 887 Quirites,
989 842 1161 878 omnium
1185 854 1252 878 ora
1276 842 1318 878 in
1342 854 1404 878 me

221 918 406 942 conversa
431 919 512 942 esse
526 919 535 952 3
564 919 705 954 aequos
733 906 928 954 bonosque
953 905 1107 942 favere:
1137 906 1280 954 quippe
1306 906 1405 942 bene

221 971 327 1008 facta
354 983 440 1006 mea
467 970 701 1019 reipublicae
729 970 965 1018 procedunt:
1004 970 1249 1006 nobilitatem
1279 969 1405 1006 locum

222 1034 433 1071 invadendi
452 1046 643 1082 quaerere.
703 1034 788 1078 Quo
807 1034 903 1069 mihi
922 1034 1048 1070 acrius
1063 1034 1319 1070 annitendum
1335 1038 1405 1079 est,

223 1102 268 1134 ut
295 1110 419 1146 neque
447 1109 516 1133 vos
544 1097 762 1146 capiamini,
792 1101 832 1133 et
858 1097 917 1133 illi
945 1097 1092 1133 frustra
1120 1098 1207 1133 sint.
1267 1097 1333 1134 Ita
1357 1098 1407 1134 ad

223 1163 294 1199 hoc
320 1162 459 1199 aetatis
485 1175 508 1198 a
534 1162 703 1211 pueritia
730 1161 800 1207 fui,
822 1165 867 1197 ut
894 1174 1026 1198 omnes
1054 1162 1215 1207 labores,
1235 1161 1408 1213 pericula

225 1233 409 1266 consueta
427 1229 598 1265 habeam.
651 1228 759 1272 Quae
778 1232 868 1264 ante
883 1232 1014 1264 vestra
1032 1228 1218 1264 beneficia
1236 1228 1408 1277 gratuito

224 1293 425 1337 faciebam,
457 1305 502 1328 ea
534 1292 593 1328 uti
625 1296 783 1340 accepta
814 1292 989 1328 mercede
1022 1292 1207 1337 deseram,
1238 1305 1317 1328 non
1350 1297 1409 1329 est

227 1356 441 1401 consilium,
466 1355 647 1399 Quirites.
706 1355 792 1392 Illis
818 1355 972 1392 difficile
997 1360 1057 1392 est
1081 1356 1123 1391 in
1150 1356 1409 1404 potestatibus

226 1426 452 1469 temperare,
466 1420 533 1468 qui
551 1433 620 1468 per
635 1420 885 1456 ambitionem
905 1433 986 1456 sese
1005 1420 1144 1468 probos
1159 1419 1409 1467 simulavere3

226 1485 333 1530 mihi,
354 1484 420 1533 qui
446 1497 597 1520 0111116111
623 1487 790 1520 aetatem
813 1484 854 1519 in
874 1483 1031 1532 optimis
1050 1483 1200 1519 artibus
1219 1483 1291 1531 egi,
1311 1483 1409 1519 bene

226 1550 353 1586 facere
367 1549 449 1597 jam
465 1562 513 1584 ex
533 1548 811 1584 consuetudine
826 1548 866 1583 in
886 1552 1066 1583 naturam
1082 1547 1210 1583 vertit.
1256 1547 1410 1583 Bellum

227 1627 287 1650 1116
306 1626 437 1662 gerere
458 1626 544 1648 011111
564 1612 590 1649 J
596 1612 764 1660 ugurtha
778 1612 968 1660 jussistis,
992 1624 1107 1660 quam
1127 1623 1207 1647 rem
1227 1610 1411 1646 nobilitas

227 1677 437 1726 aegerrime
456 1677 558 1712 tulit.
618 1676 780 1721 Quaeso,
796 1680 974 1724 reputate
994 1688 1081 1711 cum
1100 1675 1240 1711 animis
1258 1675 1410 1719 vestris,

228 1755 321 1778 num
341 1741 381 1777 id
401 1745 552 1777 mutare
571 1740 709 1776 melius
729 1740 791 1785 sit,
807 1740 839 1776 si
859 1753 972 1788 quem
993 1752 1041 1776 ex
1060 1739 1127 1775 illo
1146 1739 1258 1787 globo
1277 1738 1413 1774 nobili-

229 1807 322 1843 tatis
341 1806 390 1842 ad
410 1805 481 1841 hoc
500 1809 570 1841 aut
589 1804 695 1840 aliud
714 1805 792 1840 tale
807 1804 1005 1852 negotium
1024 1803 1203 1848 mittatis,
1217 1802 1411 1838 hominem

230 1870 372 1906 veteris
401 1869 602 1918 prosapiae
632 1881 675 1904 ac
707 1869 920 1904 multarum
952 1868 1165 1916 imaginum
1195 1870 1236 1903 et
1267 1866 1414 1902 nullius

230 1933 436 1982 stipendii:
475 1932 633 1977 scilicet,
666 1936 712 1968 ut
747 1932 789 1968 in
826 1936 938 1968 tanta
969 1944 1010 1967 re
1047 1931 1204 1979 ignarus
1241 1929 1412 1966 omnium

230 1998 410 2046 trepidet,
427 1997 599 2043 festinet,
619 2000 748 2033 sumat
766 1996 933 2045 aliquem
953 2009 1002 2032 ex
1021 1995 1164 2044 populo
1182 1994 1411 2030 monitorem

231 2062 345 2098 officii
378 2062 446 2097 sui.
506 2061 572 2097 Ita
601 2061 828 2109 plerumque
857 2059 999 2104 evenit,
1030 2062 1076 2094 ut
1103 2070 1217 2106 quem
1247 2069 1316 2093 vos
1347 2056 1413 2092 im-

232 2138 366 2175 perare
393 2125 576 2173 jussistiS,
607 2125 640 2161 is
672 2124 746 2161 sibi
775 2124 1047 2172 imperatorem
1084 2121 1204 2158 alium
1240 2124 1410 2169 quaerat.

233 2190 366 2239 Atque
387 2202 455 2237 ego
479 2188 566 2233 scio,
589 2188 772 2233 Quirites,
793 2188 871 2236 qui,
892 2191 1096 2236 postquam
1123 2184 1298 2221 consules
1320 2183 1414 2220 facti
