1502 2449
434 140 731 178 SALLUSTII
765 138 1042 178 CATILINA.
1281 137 1326 174 41

153 234 372 272 adolescens
415 234 690 272 immoderatae
734 234 978 271 fortitudinis
1026 236 1150 270 morte
1190 244 1332 281 poenas

151 300 280 336 dedit:
318 312 386 336 vos
410 300 457 335 de
485 300 758 337 crudelissimis
786 300 985 349 parricidis
1012 299 1106 348 quid
1135 297 1329 342 statuatis,

150 364 414 400 cunctamini?
469 363 664 401 Videlicet
683 365 766 401 vita
785 368 910 401 cetera
929 377 1059 400 eorum
1085 363 1174 399 huic
1199 362 1331 399 sceleri

151 427 288 464 obstat.
348 427 497 464 Verum
523 429 669 476 parcite
697 428 879 476 dignitati
903 427 1071 473 Lentuli,
1100 427 1132 463 si
1158 427 1239 475 ipse
1264 439 1332 475 pu-

122 490 127 497 '
151 491 316 537 dicitiae,
344 491 377 527 si
402 493 526 528 famae
552 505 653 538 suae,
679 493 710 528 si
736 493 794 528 dis
820 496 889 528 aut
914 492 1134 528 hominibus
1159 503 1330 539 unquam

150 555 241 592 ullis
277 557 470 604 pepercit:
512 556 698 604 ignoscite
737 556 897 605 Cethegi
935 555 1223 600 adolescentiae,
1255 554 1332 590 nisi

152 619 293 655 iterum
318 620 400 668 jam
426 619 574 668 patriae
601 620 744 656 bellum
773 620 874 658 fecit.
933 620 1037 656 Nam
1066 619 1159 668 quid
1188 631 1256 666 ego
1285 617 1331 653 de

152 682 327 729 Gabinio,
358 673 523 729 Statilio,
555 683 740 732 Caepario
769 684 929 732 loquar?
984 683 1134 728 Quibus
1161 683 1193 718 si
1222 682 1330 730 quid-

153 756 269 794 quam
293 758 464 794 unquam
489 747 597 795 pensi
618 746 768 792 fuisset,
789 760 867 782 non
888 760 931 783 ea
950 746 1109 783 consilia
1128 746 1174 781 de
1194 745 1330 794 repub-

150 808 224 844 lica
243 808 478 845 habuissent.
537 809 749 855 Postremo,
782 810 919 846 Patres
947 810 1166 858 conscripti,
1196 809 1228 845 si
1258 822 1331 845 me-

150 872 304 909 hercule
336 876 491 921 peccato
524 873 630 908 locus
667 877 777 919 esset,
810 874 920 909 facile
957 877 1109 922 paterer
1146 886 1213 909 vos
1249 873 1333 922 ipsa

150 949 191 972 re
221 937 370 984 corrigi,
401 937 583 984 quoniam
612 938 731 973 verba
759 937 1029 984 contemnitis,
1067 937 1133 973 sed
1161 937 1332 985 undique

150 999 403 1036 circumventi
431 1012 572 1036 sumus.
643 1000 812 1036 Catilina
841 1014 928 1036 cum
957 1000 1128 1037 exercitu
1158 1000 1333 1037 faucibus

149 1068 285 1113 urget:
319 1064 387 1100 alii
414 1064 519 1100 intra
547 1065 708 1111 moenia,
740 1065 781 1101 in
810 1065 898 1101 sinu
927 1065 1034 1101 urbis
1062 1069 1154 1101 sunt
1181 1064 1332 1103 hostes:

149 1142 273 1178 neque
292 1129 431 1177 parari,
452 1142 576 1177 neque
596 1130 744 1166 consuli
769 1130 979 1178 quidquam
1007 1130 1154 1166 occulte
1179 1133 1331 1178 potest:

149 1205 225 1241 quo
254 1194 376 1241 magis
404 1193 689 1241 properandum
719 1198 787 1230 est.
848 1194 975 1238 Quare
1000 1194 1057 1230 ita
1082 1207 1150 1242 ego
1176 1206 1332 1230 censeo:

149 1270 267 1305 quum
289 1257 438 1293 nefario
463 1257 621 1294 consilio
647 1258 920 1295 sceleratorum
946 1258 1090 1294 civium
1116 1258 1328 1307 respublica

149 1321 191 1357 in
212 1321 381 1357 maxima
399 1321 572 1369 pericula
591 1322 752 1368 venerit,
773 1321 890 1370 hique
910 1322 1053 1357 indicio
1072 1321 1114 1358 T.
1136 1321 1329 1357 Volturcii

149 1389 187 1421 et
224 1385 438 1434 legatorum
476 1385 732 1433 Allobrogum
778 1386 946 1422 convicti
983 1386 1218 1434 confessique
1254 1385 1333 1422 sint

148 1450 313 1496 caedem,
343 1449 532 1495 incendia,
563 1450 641 1486 alia
667 1450 779 1486 foeda
813 1454 931 1499 atque
961 1450 1130 1486 crudelia
1163 1450 1333 1497 facinora

148 1513 189 1549 in
217 1513 319 1549 cives
344 1513 585 1563 patriamque
611 1514 818 1562 paravisse,
850 1515 897 1550 de
923 1514 1116 1559 confessis,
1144 1513 1259 1549 sicuti
1286 1514 1332 1550 de

147 1575 364 1612 manifestis
391 1589 520 1612 rerum
553 1577 789 1625 capitalium,
820 1589 925 1613 more
958 1576 1160 1625 majorum,
1190 1576 1332 1625 suppli-

147 1640 249 1676 cium
269 1641 534 1678 sumendum.”

227 1704 343 1741 LIII.
402 1704 613 1754 Postquam
640 1705 736 1742 Cato
765 1706 924 1753 adsedit,
953 1705 1172 1742 consulares
1200 1717 1331 1741 omnes

148 1767 318 1816 itemque
338 1773 494 1804 senatus
513 1782 653 1818 magna
672 1782 761 1818 pars
789 1770 1021 1806 sententiam
1048 1769 1132 1817 ejus
1156 1768 1328 1815 laudant,

149 1831 338 1867 virtutem
377 1832 498 1868 animi
535 1832 583 1868 ad
620 1833 767 1869 caelum
797 1834 952 1879 ferunt,-
994 1833 1060 1869 alii
1089 1832 1184 1868 alios
1213 1832 1331 1868 incre-

148 1898 285 1943 pantes
311 1895 467 1932 timidos
489 1900 628 1932 vocant
637 1910 648 1942 3
681 1897 777 1933 Cato
803 1897 928 1933 clarus
953 1900 1069 1945 atque
1088 1908 1250 1945 magnus
1268 1895 1331 1931 ha-

148 1958 288 2005 betur3
317 1958 442 1994 senati
462 1958 658 1995 decretum
678 1960 733 2005 fit,
756 1959 871 1995 sicuti
896 1959 961 1995 ille
987 1962 1199 1995 censuerat.
1256 1958 1330 1995 Sed

147 2020 244 2058 mihi
280 2021 406 2057 multa
442 2021 597 2070 legenti,
635 2022 760 2059 multa
801 2023 987 2068 audienti,
1026 2035 1124 2071 quae
1165 2023 1330 2071 populus

147 2084 349 2120 Romanus
368 2084 473 2120 domi
491 2085 743 2133 militiaeque,
764 2086 861 2121 mari
881 2090 998 2134 atque
1017 2089 1122 2121 terra
1135 2085 1331 2134 praeclara

146 2149 318 2186 facinora
336 2148 440 2195 fecit,
462 2149 561 2185 forte
579 2148 709 2185 lubuit
728 2150 939 2197 attendere,
962 2163 1061 2200 quae
1079 2163 1140 2187 res
1162 2151 1330 2187 maxime

147 2217 259 2251 tanta
272 2213 426 2263 negotia
440 2214 697 2252 sustinuisset.
734 2214 909 2252 Sciebam
923 2227 1197 2264 saepenumero
1211 2227 1330 2264 parva
