1543 2449
405 114 542 153 SALL
552 116 704 154 USTII
736 115 840 155 JUG
848 116 1041 154 URTHA.
1258 117 1305 158 71

133 199 220 238 Hoc
245 203 304 236 est
328 200 435 246 utile,
459 200 530 237 hoc
559 201 672 238 civile
697 202 911 251 imperium.
969 202 1161 251 Namque,
1189 215 1308 252 quum

132 267 215 300 tute
233 276 302 312 per
319 265 521 301 mollitiem
541 278 642 314 agas,
663 267 876 302 exercitum
896 266 1084 315 supplicio
1103 279 1248 315 cogere,
1268 267 1309 304 id

131 332 200 374 est,
233 329 443 375 dominum,
477 343 555 366 non
586 331 869 379 imperatorem,
900 344 990 368 esse.
1050 331 1160 367 Haec
1192 335 1309 380 atque

131 392 224 429 talia
251 393 413 441 majores
438 394 558 430 vestri
586 394 762 431 faciendo
790 408 906 444 seque
932 408 1088 444 remque
1114 395 1308 443 publicam

123 455 369 512 'celebravere
385 470 391 492 τ
421 457 528 505 queis
547 458 729 494 nobilitas
748 458 861 504 freta,
881 458 965 507 ipsa
983 458 1179 495 dissimilis
1197 458 1310 495 mori-

130 520 211 565 bus,
232 533 302 556 nos
320 521 474 558 illorum
494 523 664 559 aemulos
683 525 914 571 contemnit,
938 528 978 561 et
996 537 1127 560 omnes
1146 523 1310 561 honores

130 596 208 619 non
243 597 293 620 ex
329 586 479 631 merito,
513 587 579 623 sed
616 587 726 635 quasi
762 587 913 624 debitos
949 601 972 624 a
1008 588 1116 624 vobis
1154 588 1304 636 repetit.

131 647 311 684 Ceterum
331 648 504 686 homines
519 651 782 698 superbissimi
800 651 934 699 procul
949 655 1089 688 errant.
1140 651 1310 699 Majores

129 724 261 747 eorum
299 713 438 758 onmia,
472 727 569 762 quae
602 715 753 760 licebat,
786 715 864 751 illis
900 716 1100 764 reliquere,
1135 715 1305 761 divitias,

129 774 326 823 imagines,
347 777 569 813 memoriam
589 778 649 813 sui
667 778 903 826 praeclaram
919 792 926 815 :
949 779 1137 814 virtutem
1157 791 1235 814 non
1254 791 1309 814 re-

129 839 287 888 liquere,
303 853 426 889 neque
444 845 646 890 poterant:
676 855 721 878 ea
740 843 820 878 sola
838 855 963 891 neque
982 842 1099 878 datur
1118 842 1230 887 dono,
1246 855 1310 878 ne-

129 915 204 951 que
218 904 415 952 accipitur.
460 904 666 941 Sordidum
685 918 746 941 me
761 909 801 941 et
818 905 977 942 incultis
996 906 1167 941 moribus
1185 905 1308 951 aiunt,

131 963 223 1012 quia
247 977 384 1012 parum
410 965 504 1001 scite
524 965 745 1001 convivium
765 978 920 1011 exorno,
941 979 1065 1014 neque
1084 966 1310 1002 histrionem

130 1026 264 1072 ullum,
302 1040 427 1076 neque
468 1028 592 1076 pluris
628 1028 745 1077 pretii
782 1041 946 1077 coquum
984 1042 1099 1078 quam
1137 1029 1310 1066 villicum

128 1091 273 1137 habeog
306 1104 404 1139 quae
430 1092 527 1128 mihi
558 1092 668 1128 lubet
695 1093 879 1129 confiteri.
938 1093 1042 1129 Nam
1070 1106 1119 1129 ex
1151 1097 1311 1142 parente

129 1166 212 1190 meo
232 1158 272 1190 et
296 1167 345 1190 ex
370 1155 456 1191 aliis
479 1156 623 1192 sanctis
642 1156 737 1192 vir-is
762 1156 818 1192 ita
837 1156 978 1205 accepi,
998 1156 1212 1192 munditias
1231 1169 1311 1192 mu-

128 1219 298 1265 lieribus,
332 1220 427 1256 viris
458 1220 628 1256 laborem
661 1221 879 1266 convenire,
912 1221 1167 1269 omnibusque
1198 1220 1310 1256 bom‘s

127 1287 304 1332 oportere
322 1284 410 1332 plus
428 1284 583 1333 gloriae,
599 1297 715 1333 quam
731 1285 957 1321 divitiarum
977 1297 1058 1321 esse
1068 1298 1078 1331 3
1097 1297 1215 1329 arma,
1232 1297 1310 1320 non

128 1347 405 1396 supellectilem
424 1347 553 1384 decori
572 1361 661 1384 esse.
713 1348 819 1392 Quin
837 1361 926 1396 ergo
946 1347 1049 1397 quod
1064 1348 1190 1396 juvat,
1208 1347 1311 1396 quod

128 1424 260 1448 carum
287 1412 506 1458 aestimant,
530 1412 571 1448 id
599 1425 750 1461 semper
777 1412 948 1459 faciant3
976 1415 1120 1457 ament,
1149 1414 1310 1460 potent,

128 1475 196 1512 ubi
223 1475 522 1512 adolescentiam
550 1476 731 1522 habuere,
761 1476 816 1512 ibi
844 1479 1082 1512 senectutem
1110 1476 1240 1524 agant,
1269 1474 1311 1510 in

129 1539 329 1585 conviviis,
350 1539 473 1576 dediti
497 1540 627 1576 ventri
652 1544 693 1576 et
718 1540 965 1588 turpissimae
991 1539 1094 1588 parti
1119 1537 1288 1587 corporis
1301 1551 1311 1585 3

128 1602 318 1647 sudorem,
356 1603 566 1651 pulverem,
600 1607 640 1639 et
676 1603 753 1639 alia
788 1603 894 1648 talia,
927 1603 1152 1651 relinquant
1187 1601 1310 1647 nobis,

127 1667 269 1716 quibus
301 1667 369 1702 illa
398 1667 522 1715 epulis
546 1667 788 1715 jucundiora.
807 1670 908 1703 sunt.
967 1666 1117 1702 Verum
1145 1678 1224 1702 non
1253 1669 1313 1701 est

129 1731 194 1767 ita.
264 1730 368 1766 Nam
406 1730 474 1766 ubi
510 1743 550 1766 se
586 1731 744 1779 flagitiis
781 1730 1059 1766 dedecoravere
1096 1728 1312 1777 turpissimi

128 1794 215 1839 viri,
248 1794 436 1830 bonorum
469 1794 641 1842 praemia
671 1797 848 1842 ereptum
881 1797 984 1829 eunt.
1044 1792 1109 1828 Ita
1140 1792 1311 1840 injustis-

128 1858 223 1894 sime
260 1857 416 1893 luxuria
453 1861 494 1893 et
529 1857 696 1905 ignavia,
734 1857 923 1906 pessimae
960 1860 1075 1901 artes,
1113 1856 1203 1901 illis,
1240 1855 1309 1904 qui

128 1922 279 1958 coluere
308 1934 383 1966 eas,
404 1921 502 1957 nihil
528 1922 701 1957 officiunt
713 1935 723 1968 ;
752 1921 987 1970 reipublicae
1009 1920 1191 1957 innoxiae
1212 1919 1312 1956 cladi

128 1990 228 2022 sunt.
288 1985 417 2030 Nunc,
438 1986 621 2034 quoniam
647 1985 735 2031 illis,
757 1988 947 2034 quantum
972 1996 1098 2020 mores
1125 1983 1212 2028 mei,
1233 1995 1310 2019 non

128 2051 283 2087 illorum
303 2050 450 2098 flagitia
468 2051 689 2099 poscebant,
703 2049 896 2098 respondi,
909 2061 1032 2097 pauca
1046 2048 1093 2084 de
1112 2047 1311 2096 republica

128 2115 272 2163 loquar.
332 2114 507 2150 Primum
535 2114 708 2150 omnium
737 2113 784 2149 de
809 2112 1000 2149 Numidia
1026 2112 1171 2148 bonum
1199 2111 1311 2148 habe-

129 2182 210 2215 tote
243 2177 427 2223 animum,
462 2177 643 2222 Quirites.
702 2177 806 2214 Nam
839 2189 937 2225 quae
970 2175 1018 2212 ad
1054 2175 1125 2212 hoc
1158 2178 1311 2224 tempus
