1543 2449
200 104 248 141 40
473 101 770 141 SALLUSTJI
803 101 1109 140 JUGURTHA.

199 190 364 235 credere,
393 193 434 226 et
460 189 612 225 insidiis
641 189 767 225 locum
797 189 950 225 tentari.
1009 188 1149 237 Itaque
1180 187 1260 237 ipse
1290 199 1376 223 cum

199 254 391 302 expeditis
424 253 656 297 cohortibus,
686 251 779 288 item
812 251 1055 288 funditorum
1092 255 1133 288 et
1163 250 1377 300 sagittario-

199 329 285 352 rum
318 316 467 352 delecta
496 327 614 350 manu
647 314 750 363 apud
782 315 926 363 primos
964 319 1070 362 erat3
1106 315 1148 351 in
1184 318 1377 363 postremo

200 379 238 415 O.
267 378 417 414 Marius
443 375 593 425 legatus
619 389 705 412 cum
732 377 927 425 equitibus
955 378 1115 413 curabat
1127 391 1137 424 ,-
1165 378 1207 413 in
1232 381 1378 413 utrum-

198 455 271 490 que
291 443 393 478 latus
408 440 632 477 auxiliarios
648 440 795 489 equites
815 441 983 477 tribunis
1002 441 1195 489 legionum
1216 445 1255 477 et
1273 453 1378 489 prae—

199 505 310 541 fectis
343 504 558 541 cohortium
586 504 872 553 dispertiverat,
902 505 962 540 uti
990 517 1077 540 cum
1106 505 1167 540 his
1194 505 1377 553 permixti

200 569 346 615 velites,
367 581 607 617 quacumque
633 568 860 605 accederent
878 569 1075 617 equitatus
1094 568 1274 614 hostium,
1295 582 1378 617 pro-

198 634 406 682 pulsarent.
466 632 569 668 Nam
595 631 637 667 in
662 632 689 668 J
693 631 861 681 ugurtha
889 635 1022 668 tantus
1049 632 1171 677 dolus,
1192 636 1377 680 tantaque

198 697 338 745 peritia
365 697 535 733 locorum
564 700 603 732 et
632 696 794 732 militiae
820 699 914 741 erat,
940 695 1011 741 uti,
1035 696 1172 731 absens
1197 709 1247 731 an
1274 708 1379 744 prae-

198 774 284 797 sens
317 774 449 810 pacem
483 774 533 797 an
565 760 708 796 bellum
746 773 882 808 gerens
918 759 1168 808 perniciosior
1203 764 1304 796 esset
1338 760 1379 795 in

198 826 345 862 incerto
364 826 580 861 haberetur.

277 890 454 927 XLVII.
514 890 612 926 Erat
636 889 740 925 haud
766 890 877 938 longe
897 890 945 925 ab
965 902 1008 925 eo
1028 889 1178 932 itinere,
1199 901 1275 937 quo
1298 887 1378 924 Me-

199 954 315 990 tellus
342 955 537 1003 pergebat,
562 953 746 1003 oppidum
775 954 1049 999 Numidarum,
1074 953 1228 989 nomine
1255 953 1377 1000 Vaga,

198 1019 325 1055 forum
352 1031 482 1055 rerum
510 1018 706 1054 venalium
735 1018 856 1054 totius
883 1018 993 1067 regni
1020 1018 1187 1054 maxime
1217 1017 1379 1053 celebra-

198 1089 281 1119 tum
295 1097 305 1130 3
334 1082 401 1119 ubi
426 1087 466 1118 et
492 1083 657 1119 incolere
683 1087 723 1119 et
750 1083 913 1119 mercari
938 1086 1220 1119 consueverant
1248 1082 1379 1118 Italici

197 1148 347 1196 generis
374 1147 489 1183 multi
516 1148 706 1184 mortales.
766 1147 858 1184 Huc
885 1148 1029 1193 consul,
1057 1148 1171 1183 simul
1200 1147 1379 1183 tentandi

197 1213 322 1261 gratia
341 1216 390 1257 et,
412 1212 444 1247 si
469 1215 707 1260 paterentur,
729 1212 1020 1260 opportunitate
1045 1212 1119 1248 loci
1143 1211 1378 1260 praesidium
1400 1203 1404 1208 ⁴

198 1273 404 1322 imposuit,
450 1275 650 1321 praeterea
691 1272 900 1321 imperavit
935 1272 1175 1308 frumentum
1213 1276 1254 1307 et
1290 1272 1377 1312 alia,

197 1348 294 1385 quae
313 1336 414 1371 bello
434 1335 522 1371 usui
540 1334 680 1381 forent,
702 1339 965 1384 comportare,
994 1339 1113 1380 ratus,
1134 1335 1174 1370 id
1194 1334 1296 1383 quod
1319 1348 1379 1370 res

198 1401 389 1445 monebat,
428 1400 686 1448 frequentiam
724 1400 1009 1448 negotiatorum
1047 1403 1087 1435 et
1123 1403 1377 1435 commeatum

193 1465 423 1512 juvaturum
460 1464 685 1509 exercitum,
724 1467 764 1499 et
799 1464 881 1511 jam
917 1463 1065 1512 pacatis
1102 1463 1217 1499 rebus
1258 1463 1380 1498 muni-

198 1533 328 1566 mento
353 1529 443 1565 fore.
503 1529 615 1565 Inter
642 1528 735 1565 haec
761 1528 916 1577 negotia
940 1528 967 1564 J
971 1527 1140 1576 ugurtha
1168 1527 1379 1575 impensius

198 1594 310 1630 modo
338 1594 483 1642 legatos
512 1593 702 1642 supplices
730 1593 897 1638 mittere,
921 1605 1054 1641 pacem
1083 1604 1203 1636 orare,
1227 1596 1380 1640 praeter

198 1671 305 1694 suam
351 1657 636 1705 liberorumque
678 1656 812 1701 vitam,
851 1655 981 1691 omnia
1023 1655 1186 1691 Metello
1227 1654 1374 1690 dedere.

198 1723 302 1766 Quos
325 1721 431 1767 item,
452 1721 512 1757 uti
536 1721 693 1770 priores,
715 1721 848 1757 consul
873 1720 1022 1756 illectos
1048 1719 1096 1755 ad
1122 1719 1379 1768 proditionem

198 1787 354 1823 domum
396 1785 641 1822 dimittebat:
684 1785 765 1833 regi
806 1797 951 1833 pacem,
990 1797 1105 1833 quam
1144 1783 1378 1832 postulabat,

200 1863 322 1899 neque
341 1851 510 1886 abnuere
529 1862 653 1898 neque
672 1849 856 1898 polliceri,
878 1853 917 1884 et
936 1849 1039 1884 inter
1058 1861 1121 1884 eas
1148 1860 1274 1884 moras
1300 1860 1382 1896 pro-

201 1914 317 1950 missa
335 1914 549 1961 legatorum
570 1917 802 1961 exspectare.

279 1975 480 2013 XLVIII.
539 1976 566 2012 J
570 1975 738 2024 ugurtha
760 1975 827 2011 ubi
853 1975 1005 2011 Metelli
1031 1975 1136 2011 dicta
1156 1987 1242 2010 cum
1268 1974 1382 2010 factis

201 2041 425 2090 composuit,
460 2053 504 2076 ac
537 2053 576 2076 se
609 2040 688 2076 suis
720 2040 870 2075 artibus
902 2039 1047 2075 tentari
1082 2038 1381 2083 animadvertit,

201 2106 342 2155 quippe
362 2105 425 2141 eui
450 2105 578 2141 verbis
600 2117 678 2153 pax
697 2104 968 2149 nunciabatur,
989 2107 1159 2139 ceterum
1179 2115 1219 2138 re
1239 2102 1381 2138 bellum

200 2169 452 2218 asperrimum
479 2172 573 2214 erat,
596 2169 686 2205 urbs
709 2168 879 2204 maxima
898 2168 1077 2213 alienata,
1099 2180 1189 2216 ager
1207 2168 1382 2205 hostibus
