1543 2449
205 105 253 141 30
472 105 532 143 SA
540 105 604 141 LL
616 104 771 142 USTJI
803 104 909 141 JUG
920 104 1114 142 URTHA.

203 193 405 229 tribunum
438 193 561 241 plebis
590 205 730 240 magna
761 191 936 227 mercede
965 195 1090 240 parat,
1121 191 1232 240 cujus
1263 190 1385 240 impu-

205 257 338 293 dentia
371 260 505 292 contra
537 256 602 303 jus
635 259 674 291 et
706 255 869 303 injurias
902 267 1034 291 omnes
1065 255 1241 291 munitus
1270 254 1380 291 foret.

203 320 263 356 At
292 319 331 356 C.
356 318 577 363 Memmius,
607 317 795 353 advocata
824 317 1016 363 concione,
1044 330 1276 366 quamquam
1304 317 1385 364 regi

202 383 346 419 infesta
377 382 507 430 plebes
535 384 630 426 erat,
660 384 699 416 et
726 393 815 429 pars
843 381 885 416 in
912 381 1069 416 vincula
1096 381 1185 416 duci
1208 380 1383 428 jubebat,

203 461 304 496 pars,
333 447 375 483 ni
403 446 525 482 socios
553 445 706 481 sceleris
743 445 804 481 sui
836 445 1015 493 aperiret,
1044 458 1149 481 more
1181 445 1383 493 majorum,

157 514 160 517 ’
204 512 251 547 de
270 511 380 547 hoste
409 509 641 558 supplicium
665 509 776 554 sumi,
797 508 992 557 dignitati,
1013 521 1128 557 quam
1156 508 1236 544 irae
1263 508 1385 556 magis

203 575 406 611 consulens
444 574 576 610 sedare
613 577 741 609 motus
778 576 817 609 et
859 572 1008 608 animos
1044 584 1176 608 eorum
1212 572 1384 617 mollire,

202 641 396 686 postremo
416 636 641 672 confirmare
661 636 776 672 fidem
799 636 995 684 publicam
1023 648 1092 684 per
1117 647 1198 671 sese
1226 635 1385 670 inviola-

203 707 284 737 tam
313 700 405 736 fore.
465 700 570 745 Post,
601 700 668 736 ubi
698 699 897 736 silentium
931 699 1069 747 coepit,
1098 698 1287 747 producto
1316 698 1343 734 J
1347 711 1386 733 u-

202 764 345 813 gurtha
363 764 482 800 verba
500 763 596 800 facit
609 777 619 811 3
648 764 797 800 Romae
812 763 1099 811 Numidiaeque
1112 762 1285 798 facinora
1303 762 1386 810 ejus

202 833 402 874 memorat,
419 829 562 865 scelera
577 829 618 865 in
637 833 787 878 patrem
807 828 1024 876 fratresque
1044 827 1238 864 ostendit:
1269 831 1290 847 “
1307 828 1386 876 qui-

203 894 275 930 bus
303 893 535 942 juvantibus
563 893 778 942 quibusque
806 892 996 928 ministris
1023 905 1069 928 ea
1096 892 1228 940 egerit,
1258 905 1386 941 quam-

203 971 319 1007 quam
338 958 533 1006 intelligat
557 958 722 1006 populus
748 957 961 1002 Romanus,
982 960 1114 992 tamen
1141 957 1241 993 velle
1268 956 1387 992 mani-

204 1022 305 1058 festa
323 1021 445 1069 magis
464 1034 513 1057 ex
532 1021 598 1057 illo
618 1021 758 1057 habere
772 1034 782 1067 3
812 1021 844 1056 si
869 1034 962 1056 vera
987 1020 1166 1069 aperiret,
1187 1021 1229 1056 in
1253 1020 1328 1056 fide
1348 1026 1387 1056 et

205 1089 410 1125 clementia
437 1088 571 1137 populi
600 1087 769 1123 Romani
796 1100 975 1135 magnam
1014 1100 1120 1136 spem
1151 1087 1209 1123 illi
1246 1087 1386 1133 sitam,

204 1154 264 1190 sin
282 1153 456 1199 reticeat,
477 1166 555 1189 non
575 1153 688 1189 sociis
711 1152 829 1189 saluti
854 1152 948 1197 fore,
970 1152 1036 1188 sed
1056 1165 1095 1188 se
1118 1165 1282 1200 suasque
1302 1165 1387 1200 spes

205 1220 486 1264 corrupturum.
494 1216 511 1231 ''

283 1278 488 1315 XXXIV.
558 1277 673 1323 Dein,
712 1277 779 1314 ubi
825 1277 1035 1314 Memmius
1081 1276 1235 1313 dicendi
1271 1276 1386 1312 finem

203 1344 309 1389 fecit,
338 1348 378 1380 et
400 1343 427 1380 J
432 1343 600 1391 ugurtha
628 1342 859 1392 respondere
887 1342 1019 1390 jussus
1047 1344 1117 1386 est,
1148 1340 1186 1377 O.
1220 1341 1388 1378 Baebius

204 1406 386 1442 tribunus
410 1406 545 1454 plebis,
566 1419 680 1454 quem
706 1405 871 1454 pecunia
896 1409 1122 1454 corruptum
1151 1416 1267 1453 supra
1292 1404 1388 1440 dixi-

204 1484 302 1517 mus,
323 1483 451 1519 regem
470 1474 597 1506 tacere
618 1470 732 1518 jubet
748 1483 757 1516 3
787 1483 843 1515 ac,
863 1469 1020 1505 tametsi
1045 1468 1269 1513 multitudo,
1290 1481 1387 1516 quae

205 1537 246 1572 in
292 1535 474 1572 concione
520 1534 666 1580 aderat,
705 1534 956 1570 vehementer
1001 1545 1172 1578 accensa,
1216 1533 1388 1568 terrebat

206 1614 294 1637 eum
315 1601 491 1645 clamore,
513 1600 639 1645 vultu,
656 1612 768 1647 saepe
788 1599 936 1646 impetu
956 1601 1071 1645 atque
1092 1597 1178 1632 aliis
1197 1596 1386 1640 omnibus,

207 1677 304 1713 quae
341 1664 400 1699 ira
436 1663 521 1699 ficri
558 1666 674 1707 amat,
705 1662 802 1697 vicit
838 1665 971 1697 tamen
1002 1659 1253 1708 impudentia.
1324 1659 1388 1695 Ita

205 1728 371 1777 populus
389 1727 558 1763 ludibrio
577 1726 734 1762 habitus
753 1738 802 1761 ex
822 1725 1004 1761 concione
1030 1723 1194 1760 discedit
1208 1737 1219 1770 5
1246 1723 1389 1771 Jugur—

206 1793 295 1828 thae
315 1791 545 1839 Bestiaeque
559 1794 597 1826 et
610 1789 758 1834 ceteris,
775 1801 869 1837 quos
882 1788 949 1824 illa
964 1787 1137 1836 quaestio
1153 1787 1386 1835 exagitabat,

206 1855 325 1891 animi
344 1857 565 1901 augescunt.

287 1919 466 1955 XXXV.
526 1918 624 1954 Erat
643 1930 688 1953 ea
706 1920 937 1965 tempestate
953 1915 1100 1952 Romae
1116 1915 1290 1951 Numida
1309 1915 1388 1962 qui-

206 1982 307 2027 dam,
342 1981 498 2017 nomine
540 1980 726 2025 Massiva,
770 1980 961 2016 Gulussae
1000 1979 1114 2023 filius,
1158 1977 1388 2013 Masinissae

206 2059 324 2095 nepos
338 2059 347 2092 5
376 2045 454 2093 qui,
475 2045 566 2093 quia
593 2044 635 2079 in
660 2043 897 2079 dissensione
925 2054 1058 2090 regum
1081 2041 1107 2077 J
1112 2039 1301 2088 ugurthae
1326 2039 1388 2075 ad-

206 2122 340 2145 versus
377 2108 517 2152 fuerat,
552 2107 684 2143 dedita
717 2106 826 2143 Cirta
858 2109 897 2141 et
926 2104 1150 2140 Adherbale
1182 2102 1388 2138 interfecto

207 2173 392 2223 profugus
421 2185 469 2208 cx
498 2171 638 2208 Africa
665 2171 823 2207 abierat.
883 2169 990 2205 Huic
1020 2168 1081 2217 Sp.
1112 2167 1293 2211 Albinus,
1321 2167 1387 2215 qui
