1543 2449
401 120 696 159 SALLUSTII
728 121 1032 159 JUGUBTHA.
1252 124 1299 161 65

128 207 330 245 adversum
367 207 562 245 Romanos
597 208 742 244 bellum
778 208 970 257 suscipiat.
1029 207 1077 244 Id
1105 221 1151 247 ea
1176 209 1302 256 gratia

127 271 280 308 facilius
307 272 541 320 proniusque
570 271 659 317 fuit,
679 271 781 320 quod
809 271 984 308 Bocchus
1011 271 1124 308 initio
1139 270 1301 320 hujusce

128 335 219 371 belh·
252 335 398 383 legatos
436 335 601 371 Romam
637 335 806 380 miserat,
843 335 979 372 foedus
1015 339 1055 372 et
1091 335 1300 372 amicitiam

126 399 315 447 petitum,
344 412 458 447 quam
490 412 571 435 rem
603 399 965 447 opportunissimam
1001 399 1155 448 incepto
1186 399 1299 444 bello,

122 462 239 513 pauci
250 462 543 510 impediverant,
557 462 659 498 caeci
672 462 848 508 avaritia,
865 463 973 511 queis
988 463 1127 508 omnia,
1141 462 1301 499 honesta

126 529 242 573 atque
260 525 475 570 inhonesta,
496 525 661 562 vendere
683 537 765 561 mos
783 529 875 561 erat.
935 525 1066 562 Etiam
1092 529 1207 561 antea
1231 525 1259 562 J
1263 538 1301 562 u-

125 588 288 636 gurthae
308 588 387 625 filia
407 589 550 625 Bocchi
567 592 760 637 nupserat.
820 589 969 625 Verum
989 601 1034 625 ea
1058 589 1300 625 necessitudo

126 651 229 700 apud
248 652 441 689 Numidas
460 653 694 702 Maurosque
713 652 809 689 levis
828 652 1002 700 ducitur3
1025 653 1127 702 quod
1146 653 1299 701 singuli,

126 728 196 764 pro
214 716 350 764 opibus
375 716 547 766 quisque,
567 730 682 765 quam
708 717 894 765 plurimas
913 729 1064 762 uxores,
1084 717 1202 753 denas
1221 717 1299 760 alii,

126 779 193 815 alii
211 779 341 827 plures
359 780 526 826 habent;
555 780 621 816 sed
640 793 746 828 reges
765 793 809 816 eo
828 780 1002 828 amplius.
1062 780 1127 817 Ita
1149 781 1301 817 animus

126 843 377 879 multitudine
396 843 626 879 distrahitur
639 857 650 890 3
673 843 782 879 nulla
799 856 869 892 pro
888 843 990 879 socia
1008 844 1158 880 obtinet
1171 857 1181 890 5
1204 843 1302 892 pari-

127 910 186 942 ter
205 918 336 942 omnes
354 907 450 942 viles
469 910 568 943 sunt.

205 969 400 1005 LXXXI.
446 970 575 1018 Igitur
593 970 634 1005 in
653 970 778 1006 locum
794 970 979 1005 ambobus
994 969 1181 1018 placitum
1197 982 1301 1006 exer-

127 1032 226 1068 citus
252 1033 509 1080 conveniunt,
538 1033 603 1078 ibi,
624 1033 698 1068 fide
724 1033 816 1069 data
843 1036 883 1069 et
907 1037 1075 1081 accepta,
1102 1033 1130 1069 J
1134 1033 1302 1081 ugurtha

127 1096 269 1132 Bocchi
287 1097 459 1133 animum
476 1097 649 1133 oratione
663 1097 854 1133 accendit:
877 1097 1105 1132 “Romanos
1124 1096 1300 1144 injustos,

125 1159 317 1208 profunda
335 1161 511 1205 avaritia,
525 1173 745 1196 communes
760 1160 931 1196 omnium
950 1159 1079 1196 hostes
1098 1173 1195 1196 esse:
1216 1173 1302 1196 ean-

123 1223 210 1259 dem
242 1224 329 1260 illos
366 1237 538 1260 caussam
570 1224 663 1260 belli
695 1237 781 1260 cum
815 1223 967 1260 Boccho
999 1223 1151 1269 habere,
1185 1236 1300 1272 quam

124 1300 252 1323 secum
277 1292 318 1324 et
342 1301 428 1324 cum
457 1288 543 1324 aliis
570 1288 761 1336 gentibus,
786 1287 999 1324 lubidinem
1027 1287 1300 1336 imperitandi,

124 1351 232 1399 queis
250 1352 380 1387 omnia
398 1364 515 1400 regna
534 1351 696 1387 adversa
715 1352 815 1388 sint:
842 1355 926 1387 tum
946 1363 1039 1395 sese,
1060 1351 1190 1399 paullo
1209 1355 1300 1387 ante

125 1414 473 1463 Carthaginienses,
494 1415 587 1451 item
613 1427 741 1463 regem
767 1415 924 1460 Persen,
944 1418 1032 1463 post
1056 1414 1116 1450 uti
1139 1414 1300 1463 quisque

124 1479 438 1528 opulentissimus
470 1479 661 1524 videatur,
691 1479 748 1516 ita
780 1479 969 1515 Romanis
1001 1478 1150 1515 hostem
1183 1478 1300 1515 fore.⁷'

124 1543 201 1579 His
220 1547 336 1591 atque
361 1543 448 1579 aliis
473 1543 616 1579 talibus
635 1543 749 1578 dictis
774 1542 823 1579 ad
843 1542 990 1579 Cirtam
1016 1542 1199 1590 oppidum
1226 1542 1302 1578 iter

123 1607 378 1652 constituunt,
394 1607 496 1655 quod
516 1607 570 1643 ibi
589 1607 773 1643 Metellus
792 1607 974 1655 praedam
994 1606 1242 1655 captivosque
1262 1612 1301 1642 et

123 1670 399 1719 impedimenta
418 1671 619 1707 locaverat.
666 1670 731 1707 Ita
747 1671 775 1707 J
779 1671 946 1719 ugurtha
964 1674 1084 1715 ratus,
1100 1675 1169 1706 aut
1188 1674 1301 1718 capta

123 1734 217 1769 urbe
236 1746 373 1782 operae
392 1734 559 1782 pretium
578 1733 672 1778 fore,
693 1738 762 1770 aut
780 1734 813 1770 si
836 1734 1036 1770 Romanus
1055 1734 1201 1769 auxilio
1221 1734 1300 1770 suis

126 1797 302 1842 venisset,
340 1797 485 1845 proelio
521 1810 602 1833 sese
639 1801 861 1834 certaturos.
920 1797 1024 1833 Nam
1061 1797 1223 1834 callidus
1259 1797 1299 1834 id

122 1860 234 1896 modo
256 1860 479 1905 festinabat,
504 1860 647 1897 Bocchi
672 1874 803 1909 pacem
831 1861 1072 1906 imminuere,
1099 1873 1148 1897 ne
1173 1873 1298 1898 moras

121 1924 303 1972 agitando
323 1924 428 1960 aliud
447 1937 561 1972 quam
581 1925 724 1960 bellum
743 1925 885 1961 mallet.

200 1987 420 2024 LXXXII.
479 1988 697 2036 Imperator
721 1994 923 2036 postquam
949 1987 996 2024 de
1024 2001 1155 2037 regum
1184 1989 1296 2026 socie-

119 2055 201 2087 tate
227 2051 418 2099 cognovit,
439 2063 517 2087 non
542 2060 698 2095 temere,
718 2064 854 2099 neque,
875 2051 934 2087 uti
953 2064 1064 2100 saepe
1085 2052 1167 2099 jam
1193 2051 1297 2087 victo

119 2115 146 2151 J
150 2115 318 2163 ugurtha
337 2119 600 2160 consueverat,
622 2115 799 2150 omnibus
819 2115 912 2151 locis
930 2115 1129 2163 pugnandi
1148 2115 1295 2164 copiam

119 2177 235 2224 facit,
269 2183 438 2214 ceterum
467 2178 569 2214 haud
598 2178 731 2226 procul
759 2179 807 2214 ab
837 2178 945 2215 Cirta
972 2179 1107 2215 castris
1135 2179 1298 2216 munitis

1172 2244 1186 2251 -v

223 2253 306 2278 JUG.
1167 2254 1189 2278 O
