1502 2449
408 117 700 156 ,SALLUSTH
733 115 1010 156 OATILINA.
1253 114 1302 151 35

129 216 282 254 Scilicet
314 228 428 264 quem
464 227 524 251 res
560 218 671 250 tanta
703 216 818 262 atque
850 216 931 248 tam
963 215 1077 248 atrox
1108 223 1188 247 non
1218 223 1302 259 per-

128 280 261 326 movit,
299 292 387 315 eum
424 278 547 314 oratio
584 277 764 314 accendet
781 279 788 314 1
835 276 928 312 Non
963 276 1020 313 ita
1057 279 1140 314 est:
1180 287 1304 324 neque

128 341 307 390 cuiquam
344 341 565 377 mortalium
602 341 767 389 injuriae
796 352 886 376 suae
919 351 1060 388 parvae
1094 338 1278 374 videntur
1295 350 1316 379 :-

128 404 243 441 multi
280 417 343 441 eas
379 405 533 452 gravius
576 416 698 453 aequo
738 403 917 440 habuere.
987 403 1062 439 Sed
1102 402 1177 438 alia
1219 401 1305 437 aliis

117 469 284 505 .licentia
300 473 371 515 hest,
393 468 529 504 Patres
549 468 762 517 conscripti.
814 468 890 511 Qui
909 466 1063 503 demissi
1082 467 1123 502 in
1146 466 1305 502 obscuro

127 533 250 569 vitam
269 532 423 577 habent,
439 533 469 567 si
489 531 581 580 quid
596 531 796 568 iracundia
811 531 1016 580 deliquere,
1031 530 1144 580 pauci
1160 530 1287 566 sciunt
1295 542 1305 575 3

127 596 231 632 fama
250 599 365 644 atque
385 595 544 631 fortuna
564 607 695 631 eorum
714 607 824 643 pares
844 599 936 631 sunt
944 607 954 641 3
985 594 1052 642 qui
1077 605 1214 642 magno
1239 592 1307 628 im-

127 659 233 708 perio
253 660 419 708 praediti
438 660 479 695 in
504 660 653 696 excelso
679 663 846 696 aetatem
869 659 1023 705 habent,
1049 671 1181 695 eorum
1206 658 1307 694 sacta

128 722 259 758 cuncti
304 722 486 758 mortales
526 735 677 759 novere.
746 721 811 758 Ita
850 721 892 757 in
937 721 1106 757 maxima
1150 720 1307 756 fortuna

128 786 288 821 minima
315 785 472 821 licentia
494 789 568 833 est,
596 798 720 833 neque
743 785 908 831 studere,
934 798 1058 833 neque
1084 785 1217 831 odisse,
1241 784 1308 821 sed

128 848 287 884 minime
301 848 415 884 irasci
427 849 553 895 decet,
582 861 680 897 quae
699 848 802 897 apud
821 848 914 884 alios
934 848 1134 884 iracundia
1152 847 1306 894 dicitur,

128 912 171 948 in
189 912 349 961 imperio
365 912 543 961 superbia
563 916 678 960 atque
694 911 901 947 crudelitas
914 911 1142 960 appellatur.
1192 910 1309 959 Equi-

129 976 217 1012 dem
241 989 310 1025 ego
333 976 387 1012 sic
415 976 605 1021 existimo,
629 976 766 1012 Patres
789 975 1006 1023 conscripti,
1036 987 1167 1011 omnes
1192 974 1310 1010 cruci-

129 1044 217 1076 atus
235 1041 401 1077 minores
422 1054 538 1090 quam
558 1040 731 1077 facinora
749 1040 906 1076 illorum
925 1052 1005 1076 esse
1012 1053 1022 1087 3
1052 1040 1118 1076 sed
1137 1039 1310 1088 plerique

128 1105 310 1153 mortales
337 1110 530 1153 postrema
557 1105 776 1152 meminere,
801 1109 841 1141 et
868 1106 910 1141 in
937 1104 1159 1141 hominibus
1181 1103 1311 1152 impiis

129 1167 279 1204 sceleris
299 1168 411 1204 obliti
431 1168 477 1204 de
497 1181 620 1217 poena
642 1169 849 1215 disserunt,
870 1169 902 1204 si
925 1181 969 1205 ea
991 1168 1122 1217 paullo
1144 1167 1311 1204 severior

128 1231 218 1270 fuit.
274 1231 321 1268 D.
346 1232 522 1268 Silanum
541 1233 669 1268 virum
688 1231 829 1269 fortem
850 1237 965 1281 atque
986 1237 1189 1269 strenuum
1208 1235 1311 1268 certo

130 1296 208 1333 scio
227 1308 324 1345 quae
337 1296 482 1333 dixerit
494 1297 622 1333 studio
636 1297 869 1346 reipublicae
885 1297 1040 1344 dixisse,
1057 1309 1181 1345 neque
1201 1296 1312 1333 illum

130 1359 172 1396 in
207 1363 320 1396 tanta
356 1372 397 1396 re
433 1360 600 1408 gratiam
640 1364 710 1396 aut
746 1360 972 1397 inimicitias
1008 1372 1184 1396 exercere
1192 1373 1201 1406 3
1249 1372 1312 1395 eos

130 1436 266 1469 mores,
287 1436 370 1459 eam
390 1425 616 1460 modestiam
636 1424 712 1460 viri
731 1424 901 1473 cognovi.
947 1424 1098 1461 Verum
1118 1423 1312 1460 sententia

131 1500 210 1524 non
228 1487 325 1523 mihi
344 1488 521 1535 crudelis,
543 1489 637 1537 quid
656 1489 760 1525 enim
780 1489 822 1524 in
841 1489 936 1525 tales
959 1488 1134 1524 homines
1159 1487 1312 1524 crudele

131 1552 215 1588 fieri
241 1553 393 1600 potest‘l
432 1552 498 1588 sed
530 1553 657 1588 aliena
690 1565 713 1589 a
742 1552 938 1601 republica
974 1555 1106 1588 nostra
1142 1551 1308 1587 videtur.

132 1616 235 1652 Nam
254 1616 426 1665 profecto
445 1621 514 1653 aut
533 1621 658 1653 metus
676 1621 746 1654 aut
764 1617 908 1666 injuria
927 1621 966 1653 te
984 1616 1146 1665 subegit,
1168 1615 1310 1660 Silane,

132 1680 325 1716 consulem
345 1680 600 1729 designatum,
622 1694 743 1730 genus
762 1694 906 1730 poenae
926 1694 1071 1717 novum
1096 1680 1308 1716 decernere.

132 1745 193 1780 De
211 1745 349 1781 timore
369 1758 693 1794 supervacaneum
713 1750 772 1783 est
791 1746 984 1792 disserere,
1005 1758 1125 1794 quum
1144 1756 1309 1793 praeser-

131 1809 202 1845 tim
222 1809 424 1857 diligentia
444 1809 647 1846 clarissimi
666 1810 754 1856 viri,
782 1810 960 1856 consulis,
986 1813 1099 1846 tanta
1123 1808 1312 1858 praesidia

132 1874 211 1910 sint
230 1873 272 1909 in
291 1873 418 1910 armis.
476 1873 536 1910 De
556 1887 678 1923 poena
697 1888 899 1924 possumus
919 1875 1097 1923 equidem
1115 1874 1250 1919 dicere,
1271 1873 1312 1909 id

133 1937 236 1986 quod
254 1949 314 1972 res
333 1937 461 1983 habet,
479 1937 520 1973 in
540 1937 648 1974 luctu
667 1942 784 1986 atque
799 1938 964 1974 miseriis
983 1941 1145 1973 mortem
1166 1948 1311 1973 aerum-

132 2012 268 2036 narum
289 2001 471 2049 requiem,
493 2012 571 2036 non
590 2001 803 2036 cruciatum
823 2014 921 2047 esse,
951 2014 1033 2037 eam
1054 2003 1192 2037 cuncta
1210 2011 1309 2034 mor-

132 2064 271 2100 talium
285 2064 386 2100 mala
401 2064 624 2111 dissolvere,
648 2065 752 2100 ultra
766 2077 890 2113 neque
905 2077 1018 2100 curae
1032 2076 1155 2112 neque
1170 2062 1310 2112 gaudio

132 2126 257 2163 locum
277 2141 364 2172 esse,
424 2128 510 2174 Sed,
530 2141 599 2176 per
613 2128 702 2165 deos
717 2129 976 2165 immortales!
1005 2129 1255 2177 quamobrem
1269 2128 1311 2163 in

132 2192 362 2229 sententiam
388 2205 466 2229 non
492 2192 687 2239 addidisti,
714 2192 775 2229 uti
797 2194 904 2242 prius
929 2192 1153 2229 verberibus
1177 2192 1220 2228 in
1247 2204 1310 2228 eos

1103 2267 1203 2304 3—2
