1543 2449
382 126 518 166 SALL
528 124 680 165 USTII
712 122 1020 164 JUGURTJIA.
1238 125 1284 162 61

110 216 203 253 tello
223 218 418 263 comperta
437 217 539 259 sunt,
560 225 793 263 quamquam
820 212 926 249 inter
948 211 1108 248 Thalam
1131 210 1289 247 flumen-

111 291 185 328 que
199 278 431 327 proximum,
445 277 570 325 spatio
588 276 753 313 millium
769 275 1062 325 quinquaginta,
1078 274 1163 310 loca
1181 274 1290 310 arida

111 347 227 392 atque
246 345 357 378 vasta
375 354 456 378 esse
476 344 720 390 cognoverat,
740 345 872 376 tamen
891 351 957 388 spe
984 339 1167 388 patrandi
1184 338 1289 384 belli,

112 406 145 443 si
173 405 256 454 ejus
285 404 417 454 oppidi
445 405 594 453 potitus
622 404 735 449 foret,
757 417 888 440 omnes
916 403 1144 452 asperitates
1163 415 1291 452 super-

112 468 264 525 yadere,
284 481 329 504 ac
347 472 528 504 naturam
553 468 671 504 etiam
690 468 846 504 vincere
871 467 1103 516 aggreditur.
1162 466 1293 515 Igitur

113 533 242 570 omnia
273 532 453 581 jumenta
489 532 649 568 sarcinis
677 531 799 568 levari
830 531 954 579 jubet,
988 531 1063 566 nisi
1094 530 1292 566 frumento

113 597 263 633 dierum
291 596 445 643 decem;
487 599 658 632 ceterum
694 598 801 630 utres
832 594 946 630 modo
982 597 1022 630 et
1058 594 1135 630 alia
1170 605 1292 642 aquae

113 660 251 696 idonea
278 659 433 708 portari.
499 658 706 694 Praeterea
736 656 931 705 conquirit
961 669 1011 692 ex
1042 656 1144 705 agris
1176 668 1292 705 quam

114 725 324 774 plurimum
351 728 481 773 potest
507 723 644 760 domiti
673 722 821 771 pecoris
834 735 844 768 3
873 734 992 770 eoque
1017 721 1183 770 imponit
1201 733 1295 757 vasa

115 788 300 836 cujusque
329 787 445 833 modi,
474 787 658 835 pleraque
688 786 827 833 lignea,
861 784 1023 820 collecta
1052 797 1099 820 ex
1125 783 1294 832 tuguriis

116 850 386 886 Numidarum.
444 849 512 885 Ad
541 849 612 885 hoc
642 848 819 884 finitimis
848 847 1025 896 imperat,
1055 847 1122 896 qui
1149 860 1189 883 se
1207 850 1297 896 post

116 915 216 962 regis
234 914 365 962 fugam
382 913 543 949 Metello
557 912 756 957 dederant,
770 924 885 960 quam
903 910 1114 959 plurimum
1133 910 1297 959 quisque

117 991 238 1027 aquae
257 981 460 1026 portarent
471 990 482 1023 5
516 976 618 1012 diem
642 976 856 1024 locumque,
878 975 945 1010 ubi
963 979 1117 1023 praesto
1135 974 1295 1020 fuerint,

116 1041 313 1090 praedicit.
372 1039 462 1088 Ipse
495 1052 543 1075 ex
572 1039 744 1084 flumine,
773 1051 887 1087 quam
914 1038 1130 1087 proximam
1156 1037 1298 1086 oppido

118 1117 256 1153 aquam
288 1117 405 1152 supra
434 1102 616 1148 diximus,
645 1102 825 1150 jumenta
852 1105 1009 1138 onerat:
1039 1114 1083 1138 eo
1111 1101 1224 1137 modo
1243 1101 1298 1137 in-

118 1172 288 1204 structus
316 1167 365 1203 ad
393 1167 555 1203 Thalam
582 1166 849 1215 proficiscitur.
908 1165 1073 1210 Deinde,
1094 1165 1162 1201 ubi
1190 1163 1240 1201 ad
1258 1163 1299 1200 id

117 1233 192 1268 loci
210 1236 382 1277 ventum,
397 1244 472 1280 quo
492 1230 676 1267 Numidis
695 1233 953 1279 praeceperat,
971 1234 1010 1266 et
1029 1234 1156 1266 castra
1173 1229 1301 1278 posita

118 1296 344 1345 munitaque
364 1300 466 1341 sunt,
490 1299 603 1331 tanta
629 1299 787 1344 repente
816 1294 920 1330 caelo
948 1294 1066 1330 missa
1093 1294 1153 1330 vis
1178 1305 1300 1342 aquae

119 1361 272 1406 dicitur,
305 1364 350 1396 ut
382 1372 426 1396 ea
463 1359 576 1396 modo
613 1358 804 1395 exercitui
834 1358 928 1394 satis
959 1369 1150 1406 superque
1186 1356 1296 1393 foret.

120 1425 326 1461 Praeterea
361 1428 596 1460 commeatus
633 1435 699 1471 spe
736 1422 922 1471 amplior,
962 1421 1054 1470 quia
1090 1420 1299 1465 Numidae,

120 1487 235 1523 sicuti
259 1486 432 1535 plerique
457 1486 499 1521 in
526 1498 627 1521 nova
654 1485 862 1530 deditione,
888 1484 1012 1520 officia
1039 1483 1298 1519 intenderant.

122 1551 302 1587 Ceterum
332 1550 475 1586 milites
507 1549 691 1597 religione
728 1549 863 1597 pluvia
898 1548 1020 1596 magis
1057 1548 1139 1584 usi:
1182 1559 1304 1596 eaque

121 1627 181 1651 res
199 1615 366 1651 multum
386 1614 526 1650 animis
545 1627 678 1650 eorum
703 1613 856 1649 addidit
869 1627 878 1660 3
907 1626 998 1648 nam
1028 1613 1105 1648 rati
1134 1624 1216 1648 sese
1244 1611 1304 1648 dis

122 1679 405 1716 immortalibus
424 1691 539 1715 curae
559 1691 650 1715 esse.
709 1678 863 1715 Deinde
894 1682 1048 1727 postero
1074 1677 1148 1723 die,
1170 1680 1305 1713 contra

123 1745 342 1793 opinionem
361 1744 388 1780 J
392 1743 592 1792 ugurthae,
617 1743 667 1779 ad
691 1736 852 1779 Thalam
885 1742 1128 1791 perveniunt.
1188 1741 1306 1790 Oppi-

124 1809 227 1854 dani,
247 1808 315 1856 qui
341 1820 381 1843 se
408 1807 579 1843 locorum
607 1807 816 1855 asperitate
845 1807 1017 1842 munitos
1049 1805 1304 1850 crediderant,

125 1886 264 1921 magna
282 1876 399 1921 atque
417 1872 575 1908 insolita
593 1885 634 1908 re
652 1872 831 1921 perculsi,
852 1872 975 1908 nihilo
990 1871 1146 1919 segnius
1159 1870 1306 1907 bellum

125 1949 260 1986 parare
275 1950 282 1972 :
312 1936 415 1972 idem
433 1935 557 1971 nostri
575 1935 710 1971 facere.

204 2000 400 2037 LXXVI.
459 1999 535 2036 Sed
563 2012 634 2035 rex
668 1999 768 2035 nihil
799 1999 881 2047 jam
917 1998 1107 2035 infectum
1144 1997 1308 2034 Metello

127 2065 296 2111 credens,
316 2065 458 2113 quippe
484 2064 551 2113 qui
578 2064 718 2109 omnia,
738 2076 856 2109 arma,
877 2063 966 2108 tela,
986 2063 1099 2108 locos,
1120 2066 1307 2111 tempora,

127 2129 293 2178 denique
307 2133 488 2164 naturam
503 2128 625 2176 ipsam
646 2127 783 2164 ceteris
806 2126 1095 2176 imperitantem
1114 2125 1310 2162 industria

127 2193 285 2239 vicerat,
302 2205 389 2229 cum
408 2192 540 2228 liberis
554 2196 594 2228 et
608 2204 747 2239 magna
765 2194 876 2240 parte
893 2190 1080 2240 pecuniae
1099 2202 1149 2226 ex
1167 2188 1310 2238 oppido
