1502 2449
132 113 154 148 4
411 111 542 149 SALL
553 111 709 149 USTII
742 110 1020 150 OATILINA.

131 213 257 246 tutem
272 221 379 245 suam
397 209 579 245 exercuit.
631 208 779 257 Corpus
798 209 949 258 patiens
968 209 1129 258 inediae,
1146 209 1311 260 vigiliae,

132 275 281 324 algoris,
317 288 433 323 supra
466 288 580 323 quam
615 276 794 323 cuiquam
828 275 1010 311 credibile
1039 279 1099 312 est
1113 288 1123 322 3
1162 276 1316 312 animus

133 341 272 386 audax,
304 340 498 385 subdolus,
529 339 672 385 varius,
698 340 809 388 cujus
835 339 893 376 rei
919 339 1015 376 libet
1042 341 1246 377 simulator
1272 353 1316 376 ac

134 407 422 452 dissimulator3
461 405 579 441 alieni
612 409 810 453 appetens,
841 405 902 441 sui
934 405 1139 454 profusus3
1177 406 1317 442 ardens

134 473 176 508 in
202 471 481 520 cupiditatibus
498 483 508 517 3
539 470 634 506 satis
657 470 912 518 eloquentiae,
933 471 1145 519 sapientiae
1167 484 1316 520 parum.

136 537 284 573 Vastus
317 536 470 571 animus
502 535 768 580 immoderata,
804 535 1056 582 incredibilia,
1086 536 1202 572 nimis
1239 535 1320 572 alta

136 615 286 650 semper
326 601 515 649 cupiebat.
575 600 696 637 Hunc
737 604 825 649 post
867 601 1170 638 dominationem
1208 601 1320 638 Lucii

139 668 268 704 Sullae
289 667 421 702 lubido
441 666 610 702 maxima
629 666 827 702 invaserat
847 665 1079 714 reipublicae
1102 666 1319 714 capiendae,

138 745 262 781 neque
282 732 322 768 id
342 732 482 780 quibus
502 731 626 767 modis
649 735 926 779 assequeretur,
949 731 1042 767 dum
1062 731 1135 767 sibi
1160 744 1323 780 regnum

140 802 303 847 pararet,
332 797 543 846 quidquam
569 797 679 845 pensi
705 796 880 833 habebat.
939 796 1180 844 Agitabatur
1203 795 1325 845 magis

141 863 338 911 magisque
370 862 412 897 in
446 862 527 898 dies
559 861 712 897 animus
742 861 853 897 ferox
881 860 1018 909 inopia*
1040 861 1096 897 rei
1122 860 1326 897 familiaris

142 932 182 964 et
218 927 452 963 couscientia
489 926 672 962 scelerum
688 939 698 972 3
743 939 842 975 quae
878 931 1044 974 utraque
1080 926 1141 962 his
1177 926 1327 962 artibus

143 997 306 1030 auxerat
333 1005 428 1041 quas
453 1004 570 1040 supra
597 991 819 1028 memoravi.
877 991 1102 1027 Incitabant
1129 995 1328 1039 praeterea

144 1059 317 1107 corrupti
336 1058 508 1094 civitatis
527 1070 661 1103 mores,
684 1070 780 1106 quos
799 1057 966 1106 pessima
985 1070 1028 1093 ac
1048 1057 1201 1093 diversa
1226 1057 1329 1092 inter

146 1137 185 1160 se
211 1124 322 1169 mala,
350 1123 507 1158 luxuria
533 1126 649 1171 atque
675 1122 852 1167 avaritia,
878 1122 1081 1159 vexabant.
1142 1121 1222 1157 Res
1247 1121 1330 1169 ipsa

146 1188 293 1225 hortari
322 1188 488 1233 videtur,
510 1187 694 1236 quoniam
720 1187 767 1223 de
793 1186 963 1223 moribus
983 1186 1155 1223 civitatis
1177 1177 1353 1235 tempus⁴

147 1253 358 1299 admonuit,
395 1266 510 1302 supra
541 1257 723 1302 repetere,
754 1265 798 1288 ac
831 1252 962 1301 paucis
995 1252 1179 1288 instituta
1211 1252 1330 1300 majo-

148 1333 234 1356 rum
264 1319 367 1355 domi
391 1319 639 1367 militiaeque,
669 1317 860 1366 quomodo
886 1318 1165 1365 rempublicam
1192 1317 1333 1353 habue-

149 1386 240 1431 rint,
268 1388 532 1433 quantamque
557 1383 798 1432 reliquerint,
825 1386 871 1419 ut
896 1383 1100 1431 paullatim
1126 1383 1333 1418 immutata

150 1463 198 1485 ex
230 1449 488 1498 pulcherrima
521 1448 686 1498 pessima
719 1461 762 1485 ac
799 1448 1099 1497 flagitiosissima
1132 1447 1236 1484 facta
1268 1448 1330 1493 sit,

150 1515 346 1551 disserere.

230 1580 307 1618 VI.
362 1580 513 1617 Urbem
534 1580 711 1626 Romam,
733 1579 850 1616 sicuti
872 1592 941 1628 ego
967 1579 1105 1628 accepi,
1131 1579 1335 1615 condidere

151 1651 268 1696 atque
300 1646 469 1682 habuere
502 1645 616 1682 initio
649 1645 817 1694 Troiani,
851 1644 919 1693 qui
952 1644 1089 1680 Aenea
1123 1644 1220 1680 duce
1252 1656 1336 1692 pro-

152 1712 234 1761 fugi
255 1711 421 1748 ‘sedibus
448 1710 607 1747 incertis
639 1711 908 1759 vagabantur5
947 1722 1111 1758 cumque
1139 1709 1200 1745 his
1228 1708 1336 1744 Abo-

154 1778 305 1830 rigines,
328 1789 449 1825 genus
468 1776 670 1812 hominum
690 1779 849 1824 agreste,
871 1775 954 1811 sine
980 1775 1139 1823 legibus,
1163 1773 1245 1810 sine
1270 1774 1338 1809 im-

154 1843 270 1892 perio,
300 1843 465 1878 liberum
493 1846 610 1890 atque
639 1841 818 1877 solutum.
878 1840 938 1876 Hi
965 1845 1169 1889 postquam
1192 1839 1234 1875 in
1260 1851 1339 1874 una

155 1908 306 1945 moenia
343 1919 566 1952 convenere,
606 1905 750 1954 dispari
786 1894 935 1954 genere,
976 1904 1156 1941 dissimili
1192 1903 1335 1952 lingua,

155 1974 254 2010 alius
286 1973 362 2009 alio
398 1985 504 2008 more
541 1972 728 2016 viventes,
768 1969 993 2006 incredibile
1030 1961 1244 2005 memoratu
1281 1971 1339 2003 est

157 2051 271 2087 quam
292 2037 405 2073 facile
425 2037 649 2073 coaluerint.
699 2036 774 2072 Sed
793 2039 998 2085 postquam
1018 2042 1077 2071 res
1099 2045 1231 2070 eorum
1250 2032 1340 2069 civi-

157 2105 240 2149 bus,
280 2103 459 2147 lnoribuS,
499 2102 601 2151 agris
638 2105 761 2147 aucta,
801 2102 896 2137 satis
940 2091 1131 2150 prospera,
1172 2098 1340 2147 satisque

158 2168 306 2217 pollens
325 2168 541 2213 videbatur,
560 2167 675 2203 sicuti
694 2167 876 2216 pleraque
891 2158 1115 2217 mortalium
1134 2155 1338 2209 habentur,

159 2232 308 2269 invidia
327 2245 375 2268 ex
395 2231 595 2281 opulentia
614 2235 698 2268 orta
720 2234 788 2269 est.
846 2231 977 2279 Igitur
1000 2241 1108 2278 reges
1132 2227 1342 2278 populique
