1543 2449
240 105 288 141 38
513 104 810 142 SALLUSTII
842 103 1147 141 JUGURTHA.

239 190 401 238 periculi
436 202 560 238 neque
596 189 739 225 laboris
774 189 938 238 patiens,
974 189 1108 238 lingua
1143 202 1258 238 quam
1296 202 1413 225 manu

238 252 462 300 promptior,
482 251 687 300 praedator
705 263 754 287 ex
774 251 885 287 sociis
904 255 943 287 et
966 251 1047 300 ipse
1065 252 1207 300 praeda
1231 251 1412 297 hostium,

239 315 320 351 sine
338 315 499 363 imperio
518 317 558 350 et
575 313 763 349 modestia
781 313 945 350 habitus.
995 314 1060 350 Ita
1074 314 1295 363 imperatori
1313 326 1413 350 novo

238 379 325 426 plus
354 391 403 414 ex
434 378 546 413 malis
574 377 746 413 moribus
778 377 1049 414 sollicitudinis
1078 391 1193 426 quam
1223 391 1271 414 ex
1304 377 1413 426 copia

239 442 407 477 militum
443 441 581 477 auxilii
617 444 686 476 aut
722 441 803 489 spei
839 442 961 477 bonae
993 442 1205 478 accedebat.
1264 441 1413 478 Statuit

239 511 370 542 tamen
406 505 602 551 Metellus,
641 518 872 554 quamquam
910 509 949 542 et
986 506 1219 542 aestivorum
1259 510 1412 554 tempus

239 572 481 609 comitiorum
500 583 607 606 mora
624 570 883 616 imminuerat,
897 574 937 606 et
950 571 1235 619 exspectatione
1251 574 1412 607 eventus

239 635 381 672 civium
414 634 563 670 animos
600 634 771 670 intentos
807 635 982 683 putabat,
1016 647 1094 670 non
1129 635 1236 683 prius
1267 636 1412 672 bellum

238 697 448 745 adtingere,
475 709 590 745 quam
618 696 807 743 majorum
836 696 1040 745 disciplina
1066 697 1210 733 milites
1238 698 1411 735 laborare

238 761 427 809 coegisset.
485 760 589 796 Nam
626 760 808 806 Albinus,
842 761 940 797 Auli
976 761 1109 797 fratris
1145 762 1412 811 exercitusque

238 824 344 861 clade
368 824 578 873 perculsus,
598 828 801 872 postquam
827 824 1050 860 decreverat
1073 837 1152 860 non
1176 825 1305 874 egredi
1329 838 1412 874 pro-

238 889 377 934 vincia,
403 893 592 937 quantum
616 889 800 937 temporis
825 889 1059 925 aestivorum
1084 889 1126 925 in
1150 889 1310 938 imperio
1335 890 1413 926 fuit

237 953 462 1002 plerumque
487 953 629 989 milites
654 953 807 989 stativis
833 953 968 990 castris
992 953 1169 999 habebat,
1193 954 1268 990 nisi
1293 967 1411 1003 quum

237 1017 328 1053 odos
347 1021 416 1052 aut
433 1016 566 1065 pabuli
585 1020 732 1064 egestas
751 1016 877 1052 locum
896 1021 1047 1053 mutare
1066 1017 1277 1065 subegerat.
1337 1017 1412 1054 Sed

237 1094 359 1129 neque
387 1081 662 1116 muniebantur
689 1093 744 1126 ea,
773 1093 897 1129 neque
929 1093 1033 1117 more
1065 1081 1226 1116 militari
1257 1081 1411 1130 vigiliae

236 1145 526 1181 deducebantur
538 1157 549 1191 3
586 1143 645 1179 uti
678 1143 815 1192 cuique
848 1144 1007 1180 lubebat
1036 1144 1084 1179 ab
1115 1144 1233 1192 signis
1265 1145 1407 1181 aberat.

237 1208 359 1244 Lixae
395 1207 579 1256 permixti
616 1220 702 1243 cum
739 1207 929 1243 militibus
966 1207 1027 1244 die
1066 1212 1258 1256 noctuque
1300 1216 1411 1257 vagass

237 1273 390 1318 bantur,
421 1276 461 1308 et
489 1272 665 1321 palantes
694 1284 804 1320 agros
832 1275 997 1317 vastare,
1028 1272 1140 1308 villas
1176 1285 1408 1321 expugnare,

236 1336 382 1386 pecoris
401 1339 441 1372 et
459 1335 737 1383 mancipiorum
757 1335 917 1383 praedas
937 1339 1127 1372 certantes
1142 1350 1252 1385 agere
1261 1350 1271 1383 5
1291 1350 1410 1386 eaque

236 1401 386 1433 mutare
423 1409 510 1432 cum
552 1396 829 1432 mercatoribus
871 1397 963 1432 vino
999 1396 1207 1433 advectitio
1243 1402 1283 1434 et
1325 1399 1411 1435 aliis

236 1461 378 1497 talibus
391 1474 401 1508 3
429 1463 628 1509 praeterea
646 1459 885 1496 frumentum
907 1461 1060 1510 publice
1079 1461 1212 1498 datum
1232 1463 1409 1509 vendere,

235 1538 373 1574 panem
405 1525 447 1561 in
476 1524 557 1561 dies
587 1524 771 1571 mercari,
808 1529 1012 1574 postremo,
1041 1539 1302 1575 quaecumque
1334 1527 1411 1563 dici

236 1592 305 1624 aut
328 1587 422 1636 fingi
446 1590 595 1636 queunt
622 1587 798 1635 ignaviae
823 1588 1076 1637 luxuriaeque
1103 1590 1254 1638 probra,
1278 1590 1320 1625 in
1344 1590 1411 1627 illo

235 1652 409 1688 exercitu
428 1655 567 1688 cuncta
585 1651 704 1697 fuere,
725 1655 765 1688 et
783 1652 860 1688 alia
878 1652 1052 1701 amplius.

313 1716 441 1754 XLV.
500 1717 575 1754 Sed
594 1717 635 1753 in
654 1730 699 1753 ea
717 1717 943 1753 difficultate
962 1717 1167 1754 Metellum
1186 1731 1264 1754 non
1282 1718 1410 1755 minus

234 1794 349 1830 quam
368 1781 410 1817 in
428 1781 542 1817 rebus
561 1781 766 1817 hostilibus
785 1794 967 1830 magnum
986 1785 1027 1818 et
1051 1782 1263 1830 sapientem
1282 1783 1407 1818 virum

234 1848 352 1884 fuisse
375 1846 597 1896 comperior,
617 1849 729 1882 tanta
753 1846 1010 1894 temperantia
1034 1846 1137 1882 inter
1160 1846 1407 1883 ambitionem

235 1911 510 1959 saevitiamque
529 1909 778 1946 moderatum.
829 1909 1008 1958 Namque
1023 1909 1149 1945 edicto
1163 1909 1331 1957 primum
1347 1910 1409 1946 ad-

229 1975 407 2021 jumenta
431 1973 608 2022 ignaviae
633 1973 845 2018 sustulisse,
872 1976 950 2009 “ne
975 1973 1178 2021 quisquam
1206 1972 1248 2008 in
1273 1973 1408 2009 castris

234 2049 384 2085 panem,
407 2040 477 2072 aut
503 2048 616 2085 quem
644 2036 763 2072 alium
792 2039 942 2072 coctum
971 2036 1099 2072 cibum
1124 2036 1331 2082 venderet,
1359 2049 1407 2073 ne

233 2100 335 2136 lixae
350 2101 561 2136 exercitum
577 2104 846 2149 sequerentur,
866 2114 914 2136 ne
934 2101 1044 2137 miles
1061 2100 1257 2149 gregarius
1276 2101 1317 2136 in
1332 2114 1407 2137 cas-

234 2163 305 2199 tris
329 2175 425 2199 neve
450 2163 491 2198 in
517 2163 667 2211 agmine
693 2176 845 2200 servum
872 2167 940 2200 aut
957 2163 1177 2212 jumentum
1197 2163 1406 2201 haberet:⁷'
