1543 2449
397 129 693 168 SALLUSTII
727 127 1034 166 JUGURTIIA.
1251 126 1298 164 67

191 215 441 253 LXXXIV.
495 215 555 251 At
573 215 735 260 Marius,
752 218 798 250 ut
816 226 932 262 supra
950 212 1131 257 diximus,
1148 211 1301 259 cupien-

124 281 273 317 tissima
299 279 409 328 plebe
438 279 571 315 consul
598 279 736 324 factus,
766 282 969 326 postquam
997 276 1033 312 ei
1059 275 1299 324 provinciam

125 343 352 381 Numidiam
384 343 549 391 populus
576 342 705 390 jussit,
738 345 829 377 ante
856 341 936 389 jam
969 339 1135 375 infestus
1166 337 1302 374 nobili-

124 407 210 452 tati,
239 410 324 443 tum
351 419 443 442 vero
470 406 617 441 multus
644 410 760 454 atque
787 404 898 440 ferox
926 403 1092 448 instare3
1130 401 1301 449 singulos

111 470 249 525 'modo,
278 469 391 506 modo
423 469 622 505 universos
653 468 827 514 laedere,
864 467 1043 503 dictitare
1073 469 1189 501 “sese
1217 477 1302 500 con-

125 535 294 571 sulatum
320 547 369 570 ex
394 533 508 569 victis
532 528 609 569 illis
635 532 756 580 spolia
781 531 924 579 cepisse
937 530 978 576 ;''
1004 529 1079 566 alia
1103 532 1303 577 praeterea

126 597 329 645 magnifica
348 610 416 646 pro
436 610 486 642 se,
503 600 544 633 et
561 596 638 632 illis
658 595 838 631 dolentia.
892 593 1069 638 Interim,
1086 604 1183 641 quae
1202 591 1303 627 bello

126 674 221 710 opus
241 665 363 706 erant,
383 661 508 709 prima
526 660 666 696 habere
675 673 685 705 3
710 658 905 708 postulare
923 657 1138 705 legionibus
1156 654 1304 703 supple-

126 729 313 769 mentum,
334 724 481 760 auxilia
505 737 529 759 a
552 723 705 772 populis
730 726 770 758 et
793 722 948 770 regibus
973 720 1160 768 sociisque
1185 731 1306 755 arces-

127 801 209 825 sere
223 802 232 835 3
255 792 455 837 praeterea
473 801 522 823 ex
540 787 654 823 Latio
673 786 926 822 fortissimum
946 796 1147 833 quemque,
1166 783 1305 831 pleros-

127 865 202 901 que
221 852 394 896 militiae,
414 864 556 899 paucos
575 851 680 886 fama
698 849 870 897 cognitos
889 848 1023 893 accire,
1044 851 1084 883 et
1102 845 1306 882 ambiendo

128 928 261 964 cogere
293 915 467 951 homines
499 913 668 950 emeritis
705 912 908 960 stipendiis
940 923 1068 947 secum
1104 909 1302 958 proficisci.

129 979 268 1027 Neque
295 978 353 1014 illi
381 981 548 1022 senatus,
571 989 803 1025 quamquam
829 975 1013 1011 adversus
1038 977 1134 1018 erat,
1154 972 1202 1008 de
1227 972 1307 1008 ullo

129 1042 284 1090 negotio
329 1042 498 1077 abnuere
543 1040 734 1086 audebat3
781 1042 952 1075 ceterum
996 1037 1307 1085 supplementum

130 1106 247 1142 etiam
275 1105 400 1141 laetus
425 1104 660 1148 decreverat,
681 1103 773 1152 quia
799 1114 923 1150 neque
949 1101 1053 1150 plebi
1080 1100 1222 1136 militia
1246 1112 1309 1135 vo-

130 1169 228 1205 lenti
252 1169 476 1217 putabatur,
497 1172 538 1203 et
562 1167 714 1203 Marius
739 1170 808 1202 aut
832 1166 925 1202 belli
950 1178 1063 1201 usum
1086 1168 1156 1201 aut
1179 1163 1310 1200 studia

130 1232 238 1279 vulgi
265 1232 484 1267 amissurus.
544 1230 619 1267 Sed
647 1243 692 1266 ea
718 1241 779 1266 res
807 1229 954 1266 frustra
986 1232 1162 1277 sperata,
1198 1231 1310 1263 tanta

130 1295 263 1331 lubido
296 1307 383 1330 cum
416 1294 544 1330 Mario
572 1294 690 1330 eundi
721 1293 923 1342 plerosque
955 1292 1160 1328 invaserat.
1219 1290 1309 1328 Sese

131 1358 293 1407 quisque
320 1357 463 1406 praeda
490 1357 720 1406 locupletem
745 1356 839 1402 fore,
860 1357 1045 1392 victorem
1073 1355 1230 1392 domum
1255 1367 1311 1391 re-

132 1422 318 1466 diturum,
348 1422 424 1457 alia
450 1421 727 1469 hujuscemodi,
756 1420 895 1456 animis
922 1419 1151 1456 trahebant:
1180 1422 1221 1455 et
1247 1431 1311 1455 eos

133 1499 212 1522 non
242 1485 416 1534 paullum
449 1485 621 1521 oratione
651 1497 723 1520 sua
755 1484 906 1520 Marius
942 1486 1149 1520 arrexerat.
1206 1481 1311 1519 Nam

134 1553 349 1599 postquam,
369 1549 546 1585 omnibus
565 1561 663 1597 quae
687 1548 952 1597 postulaverat
973 1546 1149 1591 decretis,
1168 1546 1313 1581 milites

135 1614 300 1650 scribere
327 1614 425 1658 vult,
454 1612 637 1649 hortandi
664 1625 808 1657 caussa,
839 1611 954 1647 simul
984 1615 1024 1647 et
1054 1610 1311 1653 nobilitatem,

136 1677 196 1714 uti
227 1680 490 1721 consueverat,
519 1676 754 1724 exagitandi,
783 1676 1004 1712 concionem
1036 1674 1169 1723 populi
1200 1673 1314 1709 advo-

137 1741 249 1777 cavit.
308 1740 460 1780 Deinde
478 1740 550 1776 hoc
568 1740 680 1776 modo
700 1739 890 1775 disseruit.

218 1804 432 1841 LXXXV.
492 1804 614 1840 “Scio
657 1817 737 1852 ego,
776 1803 959 1848 Quirites,
996 1802 1197 1850 plerosque
1235 1812 1314 1836 non

138 1867 259 1904 isdem
287 1868 436 1904 artibus
463 1868 667 1916 imperium
696 1881 719 1903 a
742 1867 852 1903 vobis
877 1870 1008 1915 petere
1037 1869 1086 1910 et,
1110 1868 1314 1914 postquam

139 1932 271 1981 adepti
289 1936 392 1976 sunt,
412 1945 565 1980 gerere,
589 1932 713 1980 primo
731 1931 954 1975 industrios,
975 1929 1177 1978 supplices,
1197 1928 1315 1965 modi-

140 2009 203 2033 cos
228 2009 309 2032 esse
323 2010 332 2043 ς
360 1996 499 2032 deinde
526 2009 595 2044 per
619 1996 813 2044 ignaviam
840 1999 879 2031 et
904 1994 1122 2043 superbiam
1147 1996 1315 2029 aetatem

140 2072 261 2108 agere.
320 2059 395 2096 Sed
427 2059 523 2095 mihi
556 2064 690 2095 contra
722 2072 767 2095 ea
794 2059 972 2105 videtur-3
1009 2071 1099 2094 nam
1131 2070 1207 2106 quo
1234 2057 1317 2093 uni-

141 2136 252 2160 versa
276 2123 492 2172 respublica
516 2123 639 2172 pluris
657 2127 717 2159 est
741 2136 856 2172 quam
876 2123 1097 2159 consulatus
1119 2125 1190 2159 aut
1212 2134 1318 2171 prae-

142 2190 242 2233 tura,
273 2199 317 2223 eo
349 2186 492 2235 majore
522 2200 614 2224 cura
646 2187 752 2223 illam
785 2186 1049 2223 administrari
1077 2198 1192 2235 quam
1224 2185 1318 2221 haec

1112 2249 1213 2286 5—2
