1543 2449
217 103 264 138 12
479 102 611 140 SALL
623 103 775 140 CSTJI
808 103 912 139 JL⁷G
920 104 1116 144 URTHA.

214 189 345 236 latere,
377 203 445 226 vos
477 190 591 226 amici
619 190 764 238 procul,
796 203 882 239 spes
918 192 1042 229 omnis
1077 193 1119 230 in
1147 194 1265 231 armis
1294 198 1387 232 crat.

213 252 424 302 Postquam
447 253 514 289 illa
533 254 652 302 pestis
680 266 729 289 ex
748 254 887 291 Africa
912 256 1033 304 ejecta
1058 262 1127 304 est,
1147 259 1239 295 laeti
1257 272 1389 307 pacem

212 317 476 365 agitabamus,
505 318 647 366 quippe
666 318 774 367 queis
792 318 914 356 hostis
933 321 1064 358 nullus
1082 327 1176 368 erat,
1196 323 1272 359 nisi
1289 323 1390 360 forte

212 393 326 430 quem
351 395 419 418 vos
439 382 661 430 jussissetis.
719 382 819 419 Ecce
846 387 976 420 autem
1004 398 1054 421 ex
1080 386 1300 435 improviso,
1320 387 1391 424 Ju-

211 448 353 496 gurtha
371 448 614 484 intoleranda
631 448 804 494 audacia,
818 449 958 486 scelere
977 454 1093 499 atque
1112 452 1291 500 superbia
1309 464 1390 488 sese

212 512 395 557 ecferens,
415 511 537 548 fratre
555 525 640 549 meo
659 516 776 562 atque
801 513 933 549 eodem
952 515 1168 563 propinquo
1187 528 1256 552 suo
1274 516 1390 552 inter-

211 575 325 621 fecto,
345 576 514 624 primum
533 589 694 624 regnum
713 577 796 625 ejus
816 578 968 614 sceleris
994 579 1054 614 sui
1073 579 1254 627 praedam
1273 580 1389 626 fecit,

210 644 309 689 post,
330 639 398 676 ubi
424 652 486 676 me
513 640 650 676 iisdem
678 640 776 678 dolis
804 641 940 689 nequit
968 654 1114 690 capere,
1135 642 1233 678 nihil
1260 643 1389 678 minus

210 715 325 751 quam
345 703 424 738 vim
444 707 514 739 aut
531 703 676 739 bellum
699 707 988 752 exspectantem
1006 705 1048 740 in
1067 705 1228 754 imperio
1247 709 1387 750 vestro,

209 768 325 804 sicuti
357 767 510 813 videtis,
539 771 733 804 extorrem
760 768 899 817 patria,
928 768 1054 814 domo,
1082 768 1237 817 inopem
1265 772 1305 804 et
1332 781 1389 804 co-

209 836 386 880 opertum
416 831 592 877 miseriis,
622 832 759 877 effecit,
790 835 835 868 ut
866 832 995 868 ubivis
1031 832 1157 869 tutius
1194 845 1309 881 quam
1346 833 1388 869 in

208 908 293 932 meo
317 908 435 944 regno
460 909 591 933 essem.
650 896 733 944 Ego
758 896 812 932 sic
838 896 1120 942 existimabam,
1141 897 1279 933 Patres
1304 909 1388 933 con-

208 960 354 1009 scripti,
375 963 420 996 ut
437 959 724 1009 praedicantem
743 960 968 996 audiveram
993 965 1142 1010 patrem
1161 974 1302 1007 meum,
1321 962 1388 1011 qui

207 1028 377 1060 vestram
395 1024 606 1060 amicitiam
630 1024 811 1069 colerent,
833 1036 896 1060 eos
921 1024 1089 1060 multum
1115 1024 1284 1060 laborem
1309 1037 1388 1061 sus-

208 1088 333 1137 cipere
346 1101 356 1135 ;
385 1091 555 1124 ceterum
575 1100 623 1124 ex
638 1087 816 1123 omnibus
835 1087 1003 1123 maxime
1018 1091 1124 1123 tutos
1143 1100 1234 1124 esse.
1275 1087 1387 1132 Quod

207 1152 250 1188 in
267 1151 417 1188 familia
434 1155 567 1188 nostra
585 1150 673 1196 fuit,
694 1151 902 1199 praestitit,
924 1151 983 1187 uti
1007 1151 1048 1187 in
1070 1152 1249 1188 omnibus
1275 1152 1387 1189 bellis

207 1218 317 1254 vobis
335 1216 536 1263 adessent3
565 1229 635 1252 nos
654 1216 713 1251 uti
732 1228 801 1264 per
819 1216 942 1251 otium
970 1215 1049 1251 tuti
1069 1216 1188 1252 simus
1206 1216 1249 1252 in
1268 1216 1406 1252 manu'

206 1284 336 1317 vestra
355 1284 424 1325 est,
446 1279 584 1316 Patres
609 1279 826 1327 conscripti.
885 1278 1004 1315 Pater
1031 1291 1101 1315 nos
1123 1279 1220 1316 duos
1245 1279 1386 1317 fratres

206 1345 364 1394 reliquit
377 1358 386 1391 3
415 1343 588 1389 tertium,
608 1343 636 1380 J
639 1342 860 1391 ugurtham‚
880 1342 1077 1379 beneficiis
1102 1343 1182 1380 suis
1200 1347 1309 1381 ratus
1327 1349 1386 1381 est

206 1409 316 1446 nobis
336 1408 585 1456 conjunctum
605 1406 697 1443 fore.
755 1406 872 1443 Alter
886 1418 1019 1442 eorum
1038 1410 1209 1451 necatus,
1225 1406 1386 1443 alterius

206 1473 287 1521 ipse
315 1484 384 1520 ego
408 1483 546 1507 manus
568 1470 706 1519 impias
736 1470 802 1505 vix
830 1469 956 1518 effugi.
1015 1469 1118 1513 Quid
1144 1469 1282 1517 agam?
1309 1483 1386 1519 quo

205 1537 448 1586 potissimum
467 1535 607 1572 infelix
625 1535 827 1572 accedam?
873 1534 1034 1571 Generis
1046 1534 1238 1583 praesidia
1256 1535 1386 1571 omnia

205 1602 380 1638 extincta
406 1604 522 1637 sunt:
562 1604 684 1649 pater,
713 1599 773 1636 uti
799 1612 953 1636 necesse
980 1603 1075 1645 erat,
1104 1603 1268 1636 naturae
1300 1612 1385 1636 con-

205 1666 341 1702 cessit:
378 1664 503 1711 fratri,
533 1678 646 1713 quem
679 1664 837 1700 minime
869 1664 1011 1709 decuit,
1040 1664 1280 1713 propinquus
1316 1677 1386 1714 per

204 1730 328 1767 scelus
364 1729 486 1765 vitam
532 1728 697 1777 eripuit:
753 1727 911 1774 adfines,
948 1727 1102 1773 amicos,
1148 1728 1384 1777 propinquos

204 1799 362 1840 ceteros,
383 1794 502 1831 alium
530 1793 607 1830 alia
634 1793 762 1830 clades
790 1793 1002 1842 oppressit3
1032 1792 1136 1841 capti
1163 1793 1212 1829 ab
1239 1793 1267 1829 J
1271 1806 1382 1842 ugur-

203 1859 283 1904 tha,
312 1871 401 1907 pars
433 1857 474 1894 in
507 1870 658 1893 crucem
690 1857 779 1902 acti,
808 1869 897 1906 pars
928 1856 1063 1893 bestiis
1095 1856 1236 1904 objecti
1268 1860 1382 1903 sunt3

203 1922 328 1971 pauci,
349 1921 488 1970 quibus
507 1921 642 1957 relicta
660 1924 719 1957 est
746 1921 886 1965 anima,
907 1920 1028 1956 clausi
1046 1920 1088 1955 in
1106 1920 1276 1956 tenebris
1295 1933 1381 1957 cum

204 1999 375 2023 moerore
393 1990 433 2023 et
451 1987 560 2022 luctu
578 1990 702 2022 morte
724 1985 939 2034 graviorem
964 1985 1087 2022 vitam
1110 1984 1282 2032 exigunt.
1340 1985 1382 2022 Si

204 2050 344 2095 omnia,
357 2062 455 2098 quae
473 2053 543 2086 aut
561 2050 684 2095 amisi,
700 2053 769 2086 aut
788 2062 837 2086 ex
854 2048 1079 2086 necessariis
1098 2048 1259 2085 adversa
1276 2048 1381 2087 facta

204 2116 307 2157 sunt,
327 2112 536 2149 incolumia
553 2116 766 2158 manerent,
782 2116 924 2158 tamen,
941 2111 974 2148 si
992 2111 1085 2161 quid
1104 2124 1153 2148 ex
1171 2111 1380 2160 improviso

203 2175 416 2222 accidisset,
437 2188 504 2213 vos
529 2176 787 2225 implorarem,
807 2175 944 2213 Patres
966 2175 1174 2225 conscripti
1189 2189 1198 2222 5
1227 2175 1378 2225 quibus,
