1543 2449
420 85 719 124 SALLUSTII
752 85 1065 123 JUGURTJJA.
1284 87 1331 123 89

239 171 344 208 CVI.
403 170 538 207 Volux
557 170 767 207 adveniens
786 173 1026 219 quaestorem
1043 169 1213 217 appellat
1227 168 1336 205 dicit-

159 247 233 283 que
252 247 291 270 se
311 247 333 270 a
351 237 461 282 patre
482 233 634 269 Boccho
654 233 806 269 obviam
826 233 903 268 illis
922 232 1048 277 simul,
1068 235 1106 267 et
1132 230 1334 279 praesidio,

158 299 326 334 missum.
385 297 538 334 Deinde
563 310 650 333 eum
680 301 719 333 et
746 297 965 346 proximum
994 296 1095 332 diem
1122 295 1203 331 sine
1229 300 1336 330 metu

159 361 356 410 conjuncti
382 365 486 398 eunt.
545 361 642 398 Post
665 361 733 397 ubi
759 365 884 397 castra
903 361 1029 397 locata
1048 363 1088 396 et
1104 359 1182 396 diei
1201 372 1337 407 vesper

159 428 253 470 erat,
274 428 431 473 repente
451 424 616 460 Maurus
635 424 782 460 incerto
800 424 913 460 vultu
933 423 982 459 ad
1002 423 1149 460 Sullam
1169 423 1338 459 accurrit

141 488 329 536 'dicitque
357 488 430 524 sibi
458 500 507 524 ex
535 488 839 536 speculatoribus
867 487 1075 535 cognitum,
1099 486 1126 523 J
1130 486 1336 535 ugurtham

159 551 263 587 haud
288 551 422 600 procul
447 552 601 597 abesse,
630 551 745 587 simul
768 551 827 587 uti
853 555 970 587 noctu
990 550 1088 586 clam
1108 563 1235 586 secum
1255 563 1338 598 pro-

160 616 313 665 fugeret
330 620 441 664 rogat
459 620 575 664 atque
594 616 782 652 hortatur.
841 615 914 651 Ille
933 615 1062 651 animo
1082 614 1201 651 feroci
1223 618 1340 662 negat

162 683 183 699 “
198 692 238 715 se
264 680 380 715 toties
398 679 528 716 fusum
549 680 762 716 Numidam
777 679 1045 728 pertimescere
1059 692 1068 725 3
1097 678 1237 714 virtuti
1256 690 1339 713 suo·

159 759 245 782 rum
265 745 359 781 satis
378 743 531 780 credere
543 757 553 790 ,-
582 743 700 779 etiam
726 742 758 778 si
783 746 888 778 certa
912 742 1031 791 pestis
1054 741 1215 786 adesset,
1236 753 1340 777 man-

160 823 293 846 surum
318 809 459 858 potius,
480 821 594 857 quam
620 807 784 856 proditis
807 820 903 856 quos
929 807 1095 843 ducebat
1119 806 1226 855 turpi
1247 805 1341 854 fuga

160 874 329 910 incertae
365 885 410 908 ac
446 872 610 908 forsitan
645 875 734 920 post
772 871 903 920 paullo
939 871 1072 906 morbo
1111 870 1341 906 interiturae

162 938 266 974 vitae
285 936 493 986 parceret.’'
540 935 720 973 Ceterum
740 936 789 971 ab
804 935 936 971 eodem
955 935 1126 971 monitus
1145 935 1204 970 uti
1223 938 1341 970 noctu

161 1001 505 1049 proficiscerentur,
527 999 729 1035 consilium
749 998 950 1046 approbat,
970 1010 1014 1033 ac
1040 996 1173 1033 statim
1198 997 1342 1033 milites

162 1068 340 1101 coenatos
366 1077 457 1109 esse,
479 1064 520 1099 in
546 1063 682 1099 castris
707 1063 815 1112 ignes
838 1075 953 1111 quam
977 1062 1226 1098 creberrimos
1245 1061 1340 1106 fieri,

161 1129 251 1165 dein
267 1129 392 1177 prima
412 1128 545 1176 vigilia
565 1128 719 1164 silentio
738 1128 868 1176 egredi
889 1128 1010 1175 jubet.
1068 1127 1236 1176 Jamque
1256 1139 1342 1163 noc-

161 1197 277 1229 turno
305 1193 444 1229 itinere
472 1191 583 1228 fessis
611 1192 789 1228 omnibus
819 1191 927 1228 Sulla
954 1191 1101 1240 pariter
1133 1203 1221 1227 cum
1254 1194 1342 1227 ortu

162 1256 251 1292 solis
277 1259 403 1292 castra
425 1256 657 1301 metabatur,
678 1268 798 1304 quum
824 1255 973 1303 equites
996 1255 1129 1291 Mauri
1154 1254 1344 1290 nunciant

161 1319 188 1356 J
192 1319 399 1368 ugurtham
425 1319 578 1356 circiter
603 1319 722 1355 duum
748 1319 914 1355 millium
941 1318 1147 1354 intervallo
1170 1322 1260 1354 ante
1280 1330 1344 1354 eos

163 1383 386 1419 consedisse.
446 1382 558 1427 Quod
590 1387 795 1431 postquam
827 1382 1005 1418 auditum
1038 1385 1107 1427 est,
1134 1385 1219 1417 tum
1252 1393 1344 1417 vero

163 1447 298 1495 ingens
333 1450 460 1482 metus
496 1450 647 1482 nostros
684 1446 858 1483 invadit:
906 1445 1059 1482 credere
1095 1458 1135 1482 se
1172 1445 1345 1494 proditos

163 1526 186 1549 a
223 1512 384 1558 Voluce,
418 1515 458 1548 et
493 1512 645 1548 insidiis
678 1512 971 1548 circumventos.
1029 1511 1091 1547 Ac
1124 1510 1244 1556 fuere,
1278 1511 1345 1559 qui

163 1576 337 1613 dicerent
354 1589 473 1612 manu
491 1576 780 1621 vindicandum,
794 1588 918 1624 neque
937 1575 1042 1624 apud
1061 1575 1171 1611 illum
1191 1578 1345 1611 tantum

164 1639 288 1675 scelus
306 1638 474 1674 inultum
493 1638 799 1687 relinquendum.

245 1702 375 1739 CVII.
434 1702 494 1738 At
519 1702 639 1748 Sulla,
660 1715 893 1751 quamquam
922 1701 1053 1738 eadem
1083 1701 1344 1746 existimabat,

165 1771 297 1803 tamen
323 1767 373 1803 ab
400 1766 544 1815 injuria
576 1766 761 1802 Maurum
794 1766 995 1814 prohibet:
1034 1778 1123 1801 suos
1154 1765 1345 1810 hortatur,

168 1831 257 1866 “uti
276 1830 415 1866 fortem
436 1830 608 1866 animum
628 1833 823 1878 gererent:
845 1841 957 1877 saepe
971 1833 1087 1865 antea
1104 1828 1237 1877 paucis
1256 1832 1348 1865 stre-

166 1894 254 1930 nuis
273 1894 478 1930 adversum
497 1893 790 1930 multitudinem
813 1894 911 1929 bene
934 1896 1172 1942 pugnatum:
1202 1896 1348 1942 quanto

166 1959 241 1995 sibi
265 1958 306 1994 in
325 1957 470 2006 proelio
489 1957 619 1994 minus
636 1958 909 2006 pepercissent,
930 1960 1041 1994 tanto
1060 1957 1224 1993 tutiores
1242 1957 1324 1994 fore
1340 1971 1347 1994 :

167 2036 237 2061 nec
270 2036 501 2072 quemquam
531 2023 676 2069 decere,
707 2023 773 2071 qui
801 2036 939 2059 manus
967 2023 1187 2068 armaverit,
1218 2023 1268 2059 ab
1294 2023 1350 2059 in-

167 2087 283 2124 ermis
325 2086 488 2135 pedibus
531 2087 721 2123 auxilium
765 2091 907 2135 petere,
946 2087 988 2123 in
1030 2087 1200 2124 maximo
1242 2092 1350 2124 metu

168 2151 316 2188 nudum
336 2154 376 2187 et
394 2163 548 2187 caecum
569 2163 706 2200 corpus
730 2151 779 2187 ad
804 2151 934 2188 hostes
959 2151 1142 2188 vertere.'’
1198 2151 1350 2189 Deinde
