1543 2449
208 94 256 131 72
479 95 613 133 SALL
624 95 776 133 USTH
808 96 1118 134 JUGURTHA.

204 181 231 217 J
236 180 443 229 ugurtham
471 185 602 217 tutata
630 186 733 228 sunt,
758 183 887 219 omnia
914 184 1144 229 removistis,
1169 184 1386 230 avaritiam,

205 245 451 293 imperitiam,
468 246 697 293 superbiam.
757 246 909 283 Deinde
929 248 1122 284 exercitus
1142 248 1196 284 ibi
1215 252 1274 284 est
1291 248 1388 285 loco-

205 321 291 344 rum
312 309 453 355 sciens;
479 308 545 344 sed
564 309 782 346 mehercule
802 311 924 359 magis
943 315 1124 348 strenuus
1143 325 1258 361 quam
1277 312 1383 348 felix.

205 373 310 409 Nam
336 385 476 419 magna
500 385 590 421 pars
615 373 698 421 ejus
723 374 890 411 avaritia
909 379 979 411 aut
1003 376 1222 412 temeritate
1245 376 1386 412 ducum

206 437 344 472 attrita
380 440 447 472 est.
516 436 774 480 Quamobrem
812 451 892 485 vos,
930 439 1071 488 quibus
1111 440 1292 476 militaris
1329 443 1387 476 est

206 505 323 545 aetas,
357 499 582 536 annitimini
613 514 764 537 mecum
797 507 837 538 et
869 503 1056 551 capessite
1087 503 1363 552 rempublicam
1378 515 1387 549 3

206 576 330 612 neque
359 576 589 612 quemquam
618 578 667 601 ex
696 566 916 603 calamitate
944 567 1107 603 aliorum
1133 571 1204 603 aut
1230 567 1389 616 impera-

207 633 335 665 torum
355 629 535 677 superbia
554 634 680 666 metus
700 630 853 678 ceperit.
912 631 1078 679 Egomet
1099 631 1141 666 in
1165 631 1329 679 agmine,
1348 630 1390 666 in

207 693 363 742 proelio,
398 694 594 729 consultor
626 694 728 730 idem
761 698 800 730 et
837 695 962 730 socius
998 694 1161 743 periculi
1191 694 1390 730 vobiscum

208 758 323 794 adero
337 772 346 804 3
375 771 511 806 meque
531 771 675 807 vosque
698 759 740 794 in
765 759 944 795 omnibus
970 759 1085 795 rebus
1106 758 1223 806 juxta
1248 770 1386 806 geram.

209 822 263 859 Et
294 822 467 871 profecto
498 822 557 858 dis
584 823 817 870 juvantibus
845 823 975 859 omnia
1002 827 1156 858 matura
1184 826 1287 868 sunt,
1317 821 1392 857 vic-

209 886 320 931 toria,
346 886 500 935 praeda,
530 886 615 922 laus
628 900 638 934 3
667 899 764 935 quae
791 886 823 922 si
851 886 970 922 dubia
995 889 1065 922 aut
1092 885 1226 934 procul
1252 888 1392 930 essent,

209 954 341 986 tamen
378 963 509 986 omnes
545 951 666 987 bonos
702 950 938 999 reipublicae
975 950 1182 986 subvenire
1219 949 1389 985 decebat.

210 1015 367 1051 Etenim
396 1015 552 1063 ignavia
579 1028 692 1051 nemo
720 1015 950 1051 immortalis
978 1014 1117 1059 factus,
1142 1026 1266 1062 neque
1294 1012 1394 1061 quis-

210 1092 325 1128 quam
351 1093 490 1128 parens
512 1080 643 1115 liberis
663 1079 722 1115 uti
741 1079 890 1115 aeterni
908 1078 1039 1114 forent
1057 1077 1231 1126 optavit,
1259 1076 1393 1125 magis,

211 1144 270 1180 uti
294 1144 386 1179 boni
411 1144 639 1192 honestique
664 1143 786 1179 vitam
806 1143 1016 1191 exigerent.
1075 1142 1196 1178 Plura
1214 1141 1393 1185 dicerem,

211 1208 395 1253 Quirites5
429 1208 461 1244 si
498 1208 647 1244 timidis
677 1208 865 1243 virtutem
899 1207 1018 1243 verba
1055 1206 1266 1252 adderent;
1303 1208 1404 1241 nam'

211 1272 380 1309 strenuis
399 1272 552 1308 abunde
571 1272 719 1308 dictum
738 1270 868 1320 puto.’'

291 1336 530 1373 LXXXVI.
590 1335 874 1383 Hujuscemodi
893 1334 1066 1371 oratione
1085 1333 1219 1369 habita
1244 1332 1396 1368 Marius

211 1405 416 1450 postquam
444 1400 568 1449 plebis
596 1399 745 1436 animos
772 1402 942 1435 arrectos
969 1398 1089 1443 videt,
1112 1409 1274 1446 propere
1300 1408 1396 1432 com-

211 1469 354 1509 meatu,
385 1464 590 1512 stipendio,
619 1463 748 1508 armis,
778 1463 865 1499 aliis
892 1462 1055 1499 utilibus
1087 1473 1206 1497 naves
1238 1462 1395 1496 onerat:

213 1543 300 1566 cum
328 1529 388 1565 his
413 1528 462 1565 A.
487 1527 681 1564 Manlium
709 1527 880 1575 legatum
908 1525 1098 1575 proficisci
1122 1524 1245 1572 jubet.
1304 1523 1396 1571 Ipse

212 1595 362 1631 interea
386 1593 531 1629 milites
556 1592 734 1637 scribere,
754 1604 833 1627 11011
855 1603 961 1627 more
980 1590 1182 1637 majorum,
1203 1600 1328 1636 neque
1348 1600 1398 1623 ex

213 1658 410 1702 classibus,
436 1656 502 1693 sed
530 1656 590 1692 uti
619 1655 804 1704 cujusque
832 1654 966 1690 lubido
991 1657 1086 1698 erat,
1114 1652 1239 1701 capite
1265 1663 1398 1688 censos

213 1723 425 1772 plerosque.
484 1720 533 1757 Id
562 1720 710 1756 factum
740 1719 807 1755 alii
837 1719 969 1767 inopia
1000 1718 1201 1762 bonorum,
1231 1715 1298 1752 alii
1330 1727 1399 1763 per

214 1787 465 1823 ambitionem
492 1785 671 1830 consulis,
691 1784 970 1829 memorabant,
990 1781 1091 1831 quod
1117 1782 1167 1817 ab
1191 1793 1236 1817 eo
1260 1792 1399 1829 genere

215 1852 430 1887 celebratus
449 1853 662 1898 auctusque
682 1853 790 1895 erat,
818 1852 858 1884 et
880 1847 1028 1884 homini
1053 1845 1269 1895 potentiam
1288 1857 1399 1893 quae-

215 1916 318 1952 renti
337 1914 606 1963 egentissimus
626 1913 788 1962 quisque
808 1911 1169 1961 opportunissimus,
1191 1909 1253 1946 cui
1275 1921 1400 1957 neque

216 1993 286 2016 sua
323 1992 448 2024 curae,
479 1979 622 2027 quippe
659 1990 757 2026 quae
793 1977 903 2013 nulla
939 1979 1043 2021 sunt,
1074 1979 1114 2011 et
1150 1974 1280 2011 omnia
1312 1986 1399 2010 cum

216 2044 341 2093 pretio
366 2044 529 2079 honesta
551 2043 744 2078 videntur.
804 2041 933 2090 Igitur
961 2040 1114 2077 Marius
1142 2052 1228 2075 cum
1257 2037 1401 2085 majore

217 2108 416 2156 aliquanto
449 2119 622 2152 numero,
652 2119 768 2155 quam
801 2105 999 2142 decretum
1029 2107 1124 2149 erat,
1153 2103 1195 2139 in
1222 2102 1401 2138 Africam

216 2171 413 2222 profectus
432 2170 568 2207 dicbus
587 2170 720 2219 paucis
739 2170 900 2207 Uticam
920 2168 1136 2205 advehitur.
1195 2165 1402 2203 Exercitus
