1543 2449
204 94 252 130 82
478 93 773 133 SALLUSTII
807 92 1117 131 JUGURTHA.

202 180 313 216 orbes
342 179 492 226 facere3
529 184 646 228 atque
679 179 736 215 ita
768 178 817 214 ab
850 177 1029 214 omnibus
1060 177 1237 226 partibus
1271 175 1385 212 simul

203 244 297 280 tecti
316 247 356 280 et
374 244 557 280 instructi
576 242 746 279 hostium
766 242 846 277 vim
866 242 1147 277 sustentabant.

281 306 481 344 XCVIII.
540 306 679 354 Neque
707 305 749 341 in
778 317 822 341 eo
853 309 933 340 tam
965 317 1099 353 aspero
1128 303 1283 352 negotio
1313 307 1387 339 ter-

202 371 302 406 ritus
331 370 482 406 Marius
511 373 580 405 aut
607 369 740 417 magis,
765 381 881 417 quam
909 371 1035 413 antea,
1065 367 1229 403 demisso
1257 367 1386 403 animo

204 435 292 480 fuit,
322 434 388 470 sed
417 447 504 469 cum
533 437 663 469 turma
690 445 771 478 sua,
796 444 911 481 quam
940 444 989 468 ex
1016 431 1237 467 fortissimis
1264 431 1387 479 magis

204 511 320 546 quam
360 497 673 534 familiarissimis
715 500 932 545 paraverat,
975 495 1108 544 vagari
1150 496 1304 544 passim,
1343 508 1386 531 ac

204 562 317 597 modo
346 561 613 597 laborantibus
641 561 721 597 suis
749 572 982 605 succurrere,
1012 560 1125 596 modo
1152 560 1293 605 hostes,
1320 559 1387 595 ubi

206 625 479 661 confertissimi
516 625 761 670 obstiterant,
791 624 975 660 invadere
988 637 998 670 3
1035 637 1154 660 manu
1191 624 1388 660 consulere

205 690 407 735 militibus,
428 689 611 737 quoniam
638 689 827 737 imperare
847 688 1088 724 conturbatis
1107 688 1286 724 omnibus
1310 700 1389 723 non

205 757 366 802 poterat.
425 753 593 802 Jamque
622 753 703 789 dies
732 756 983 801 consumptus
1003 756 1097 798 erat,
1119 765 1238 800 quum
1258 755 1389 788 tamen

205 817 361 853 barbari
386 817 485 853 nihil
507 817 718 862 remittere,
739 820 867 865 atque,
889 816 948 852 uti
971 829 1078 864 reges
1101 820 1387 864 praeceperant,

207 885 359 918 noctem
386 894 457 930 pro
485 894 524 918 se
551 881 640 927 rati,
667 880 794 917 acrius
821 881 975 916 instare.
1034 880 1133 916 Tum
1162 880 1314 916 Marius
1341 893 1389 916 ex

207 946 318 995 copia
342 958 471 982 rerum
497 945 700 981 consilium
727 944 860 990 trahit,
881 948 1009 993 atque,
1031 944 1091 980 uti
1116 944 1195 980 suis
1217 944 1390 993 receptui

207 1011 314 1047 locus
342 1014 454 1055 esset,
480 1009 595 1046 colles
623 1009 719 1045 duos
747 1009 983 1058 propinquos
1011 1009 1114 1044 inter
1139 1021 1179 1044 se
1204 1012 1390 1057 occupat3

208 1088 372 1123 quorum
394 1074 437 1110 in
456 1086 545 1119 uno,
567 1073 703 1109 castris
722 1086 859 1122 parum
879 1072 1018 1121 amplo,
1039 1072 1126 1108 fons
1145 1085 1267 1121 aquae
1285 1085 1390 1120 mag-

208 1152 282 1175 nus
315 1142 410 1184 erat,
444 1138 543 1174 alter
575 1137 664 1173 usui
696 1140 948 1186 opportunus,
982 1136 1074 1185 quia
1105 1149 1245 1184 magna
1280 1140 1392 1185 parte

209 1204 336 1241 editus
356 1207 396 1239 et
413 1214 595 1251 praeceps
614 1214 738 1250 pauca
756 1201 998 1236 munimenta
1017 1200 1235 1248 quaerebat.
1285 1190 1393 1236 Cetess

209 1281 295 1304 rum
324 1266 428 1315 apud
456 1279 595 1314 aquam
624 1265 772 1301 Sullam
800 1277 888 1300 cum
916 1264 1111 1312 equitibus
1139 1267 1291 1299 noctem
1317 1263 1393 1312 agi-

210 1336 294 1368 tare
325 1331 462 1379 jubet,
500 1330 581 1378 ipse
617 1328 822 1378 paullatim
855 1328 1046 1376 dispersos
1082 1328 1238 1373 milites,
1268 1340 1393 1376 neque

210 1396 340 1432 minus
364 1394 541 1431 hostibus
566 1392 819 1438 conturbatis,
843 1392 885 1428 in
909 1404 1031 1428 unum
1057 1391 1275 1438 contrahit,
1304 1391 1395 1427 dein

212 1463 371 1496 cunctos
389 1459 503 1508 pleno
522 1457 645 1506 gradu
663 1457 705 1493 in
720 1457 855 1492 collem
875 1455 1066 1494 subducit.
1115 1455 1181 1496 Ita
1195 1468 1302 1504 reges
1320 1455 1394 1491 loci

212 1523 440 1560 difficultate
470 1521 604 1567 coacti,
633 1521 778 1570 proelio
808 1520 1077 1567 deterrentur,
1110 1532 1234 1568 neque
1263 1523 1395 1555 tamen

213 1600 302 1624 suos
338 1586 491 1635 longius
527 1586 634 1622 abire
666 1585 813 1631 sinunt,
847 1585 914 1621 sed
946 1588 1110 1633 utroque
1141 1584 1236 1620 colle
1267 1583 1397 1619 multi-

214 1651 350 1688 tudine
374 1650 612 1687 circumdato
638 1649 749 1686 effusi
775 1649 988 1686 consedere.
1047 1649 1152 1685 Dein
1177 1648 1320 1685 crebris
1345 1648 1397 1696 ig-

214 1716 329 1752 nibus
345 1715 459 1751 factis
478 1715 705 1764 plerumque
724 1714 849 1750 noctis
868 1713 1023 1749 barbari
1043 1726 1112 1749 suo
1126 1725 1233 1749 moro
1247 1712 1395 1757 laetari,

215 1780 424 1824 exsultare,
445 1782 615 1827 strepere
634 1778 805 1823 vocibus,
826 1781 867 1814 et
891 1777 966 1826 ipsi
991 1776 1107 1813 duces
1129 1777 1287 1822 feroces,
1307 1776 1398 1825 quia

216 1856 295 1879 non
323 1843 516 1891 fugerent,
547 1854 617 1891 pro
649 1842 863 1878 victoribus
893 1854 1014 1890 agere.
1074 1841 1149 1877 Sed
1182 1854 1227 1877 ea
1259 1844 1399 1877 cuncta

218 1906 406 1943 Romanis
434 1919 483 1942 ex
511 1905 681 1941 tenebris
710 1909 750 1941 et
774 1905 1002 1941 editioribus
1034 1904 1127 1941 locis
1155 1904 1286 1940 facilia
1312 1903 1399 1940 visu

217 1983 432 2022 magnoque
451 1970 697 2005 hortamento
716 1973 836 2005 erant.

298 2033 450 2070 XCIX.
499 2033 718 2069 Plurimum
738 2045 829 2069 vero
846 2032 998 2069 Marius
1017 2032 1212 2081 imperitia
1231 2031 1398 2067 hostium

220 2098 468 2135 confirmatus
496 2110 612 2146 quam
641 2097 854 2133 maximum
882 2096 1081 2133 silentium
1108 2095 1243 2132 haberi
1264 2095 1400 2144 jubet,

220 2177 268 2200 ne
301 2163 409 2211 signa
446 2161 613 2211 quidem,
645 2161 704 2198 uti
741 2174 810 2211 per
846 2161 998 2210 vigilias
1035 2161 1221 2207 solebant,
1253 2173 1396 2196 canere.
