1543 2449
203 93 248 130 16
469 93 765 133 SALLUSTJJ
799 93 1106 134 JUGUBTHA.

200 181 338 230 pecori,
355 181 490 218 arbore
505 180 736 218 infecundus
749 195 759 229 3
786 180 890 219 caelo
902 186 1081 232 terraque
1093 182 1256 233 penuria
1267 195 1380 233 aquae

200 257 296 282 rum.
355 246 487 282 Genus
506 244 706 282 hominum
726 244 873 282 salubri
892 257 1060 295 corpore,
1080 247 1207 294 velox,
1228 248 1381 297 patiens

199 308 374 345 laborum
389 322 398 356 3
427 309 628 357 plerosque
657 313 834 346 senectus
862 308 1051 356 dissolvit,
1080 311 1157 348 nisi
1184 312 1251 361 qui
1277 312 1381 349 ferro

200 377 269 409 aut
295 374 429 410 bestiis
454 372 635 410 interiere
648 387 658 420 3
687 385 777 410 nam
802 374 959 411 morbus
981 374 1086 412 haud
1114 387 1226 425 saepe
1254 389 1382 425 quem-

200 451 316 486 quam
362 441 545 487 superat3
601 437 651 474 ad
697 437 768 474 hoc
813 439 979 475 malefici
1023 440 1174 487 generis
1214 440 1383 489 plurima

200 500 391 538 animalia.
451 501 526 538 Sed
544 501 611 550 qui
629 502 812 538 mortales
831 503 945 539 initio
963 503 1140 539 Africam
1160 502 1380 548 habuerint,

201 565 343 613 quique
370 569 504 614 postea
531 566 773 611 accesserint,
795 570 864 602 aut
891 567 1082 615 quomodo
1109 567 1212 603 inter
1234 580 1273 604 se
1300 580 1382 616 per-

201 629 316 666 mixti
352 630 441 675 sint,
473 643 705 679 quamquam
743 630 791 667 ab
827 643 872 667 ea
902 630 1017 676 fama,
1051 644 1149 679 quae
1181 632 1382 680 plerosque

201 694 362 739 obtinet,
383 694 579 731 diversum
599 698 669 740 est,
689 699 822 731 tamen
845 695 904 731 uti
932 708 981 731 ex
1000 694 1110 731 libris
1137 694 1297 732 Punicis
1316 695 1383 744 qui

202 758 300 806 regis
321 757 560 808 Hiempsalis
588 758 830 805 dicebantur,
851 759 1152 808 interpretatum
1175 760 1287 797 nobis
1312 764 1381 806 est,

202 821 337 870 utique
367 835 448 858 rem
479 835 560 859 sese
591 822 732 859 habere
762 823 928 860 cultores
958 823 1040 871 ejus
1072 827 1198 859 terrae
1228 827 1381 872 putant,

202 898 317 934 quam
335 886 578 935 paucissimis
597 886 733 923 dicam.
792 886 973 923 Cet-erum
988 886 1083 923 fides
1095 886 1178 934 ejus
1192 886 1248 922 rei
1267 899 1384 935 penes

201 953 377 986 auctores
397 950 480 986 erit.

280 1013 447 1051 XVIII.
505 1014 683 1050 Africam
696 1014 808 1050 initio
823 1013 991 1050 habuere
1005 1014 1163 1051 Gaetuli
1177 1017 1217 1050 et
1228 1013 1382 1062 Libyes,

202 1079 327 1127 asperi
349 1079 564 1127 incultique
577 1091 587 1125 ;
615 1079 723 1127 queis
752 1079 860 1114 cibus
888 1082 972 1114 erat
1000 1090 1087 1114 caro
1115 1077 1241 1114 ferina
1268 1081 1384 1126 atquo

202 1143 310 1179 humi
328 1143 526 1192 pabulum,
540 1143 600 1179 uti
617 1143 829 1192 pecoribus.
862 1141 920 1178 Hi
932 1155 1056 1190 neque
1070 1142 1241 1178 moribus
1260 1154 1384 1190 neque

202 1209 284 1256 lege
312 1221 437 1256 neque
465 1207 627 1256 imperio
656 1207 882 1256 cujusquam
910 1206 1166 1255 regebanturg
1194 1206 1294 1255 vagi,
1321 1203 1404 1255 pas

201 1273 338 1318 lantes,
352 1285 428 1321 qua
442 1285 521 1309 nox
536 1276 711 1321 coegerat
724 1270 831 1308 sedes
845 1271 1050 1307 habebant.
1093 1271 1167 1307 Sed
1179 1275 1383 1320 postquam

201 1337 244 1372 in
263 1337 459 1386 Hispania
484 1337 688 1382 Hercules,
709 1336 824 1373 sicuti
850 1335 944 1372 Afri
966 1339 1119 1384 putant,
1139 1335 1302 1381 interiit,
1322 1348 1384 1372 ex-

202 1402 345 1439 ercitus
364 1402 458 1450 ejus,
475 1402 709 1451 compositus
724 1414 772 1437 ex
787 1401 905 1437 variis
924 1401 1115 1449 gentibus,
1129 1401 1268 1436 amisso
1288 1400 1384 1437 duce

202 1479 246 1502 ac
273 1466 416 1515 passim
444 1465 579 1502 multis
610 1465 683 1502 sibi
713 1465 875 1514 quisquc
908 1464 1111 1513 imperium
1149 1464 1383 1513 petentibus,

202 1530 312 1566 brevi
357 1529 554 1565 dilabitur.
630 1529 694 1565 Ex
730 1541 775 1565 eo
811 1540 972 1564 numero
1010 1527 1131 1573 Medi,
1170 1527 1311 1564 Persae
1346 1532 1385 1564 et

204 1594 395 1641 Armenii,
433 1595 598 1631 navibus
635 1594 677 1630 in
713 1593 891 1630 Africam
928 1593 1151 1639 transvecti,
1189 1593 1385 1642 proximos

203 1663 335 1696 nostro
353 1659 452 1695 mari
471 1659 573 1695 locos
592 1671 837 1707 occupavere.
897 1657 971 1694 Sed
1000 1657 1140 1693 Persae
1159 1657 1264 1693 intra
1282 1670 1386 1694 ocea-

203 1735 297 1758 num
315 1722 460 1771 magis3
489 1722 593 1771 iique
613 1722 742 1758 alveos
761 1721 921 1757 navium
940 1720 1113 1756 inversos
1131 1733 1200 1769 pro
1218 1721 1385 1769 tuguriis

203 1787 383 1832 habuere,
403 1786 495 1834 quia
522 1798 646 1834 neque
674 1785 837 1821 materia
863 1786 906 1821 in
933 1785 1046 1833 agris,
1066 1796 1190 1832 neque
1218 1784 1267 1819 ab
1295 1783 1386 1820 His-

204 1851 315 1900 panis
343 1850 496 1887 emendi
524 1854 593 1886 aut
617 1849 796 1886 mutandi
816 1850 926 1898 copia
945 1852 1050 1895 erat3
1079 1861 1184 1884 mare
1202 1860 1385 1895 magnum

204 1919 244 1951 ct
258 1915 392 1963 ignara
405 1915 539 1963 lingua
551 1913 778 1950 commercia
789 1913 1055 1962 prohibebant.
1114 1911 1171 1948 Hi
1183 1911 1385 1960 paullatim

204 1990 273 2027 per
295 1978 488 2014 connubia
516 1977 703 2014 Gaetulos
726 1989 855 2013 secum
877 1977 1076 2021 miscuere,
1097 1979 1137 2012 et
1161 1975 1252 2023 quia
1274 1987 1386 2023 saepe

204 2045 402 2078 tentantes
420 2054 531 2090 agros
550 2041 637 2087 alia,
658 2041 797 2077 deinde
817 2041 894 2077 alia
912 2041 995 2076 loca
1013 2039 1245 2089 petiverant,
1266 2042 1386 2075 semet

204 2105 279 2154 ipsi
306 2105 505 2142 Nomadas
533 2105 786 2154 appellavere.
845 2104 1026 2141 Ceterum
1059 2103 1185 2139 adhuc
1213 2102 1386 2139 aedificia

206 2172 466 2209 Numidarum
496 2171 717 2220 agrestium,
738 2183 836 2220 quae
864 2169 1032 2219 mapalia
1059 2168 1117 2205 illi
1145 2171 1297 2212 vocant,
1324 2167 1386 2204 ob-
