1502 2449
96 84 143 120 14
373 84 668 123 SALLUSTJI
703 86 986 126 OATILINA.

90 181 228 231 gratia,
257 183 443 230 potentia,
474 183 605 230 honos,
637 183 798 221 divitiae
827 186 929 235 apud
957 186 1044 223 illos
1071 191 1173 235 sunt,
1204 191 1274 225 aut

91 247 160 283 ubi
191 246 251 283 illi
280 247 443 295 volunt,-
490 248 602 284 nobis
638 249 829 297 reliquere
866 251 1046 299 pericula,
1087 252 1270 301 repulsas,

86 311 245 360 judicia,
269 316 485 360 egestatem.
547 313 654 356 Quae
675 321 873 363 quousque
887 316 1043 353 tandem
1058 318 1271 366 patiemini,

91 376 293 413 fortissimi
313 377 410 414 viril
467 377 610 413 Nonne
635 379 755 414 emori
780 392 849 427 per
873 380 1061 417 virtutem
1089 387 1271 431 praestat,

91 456 205 492 quam
236 443 359 478 vitam
389 442 567 478 miseram
596 449 712 491 atque
740 443 997 491 inhonestam,
1027 447 1095 482 ubi
1123 447 1272 484 alienae

91 508 291 556 superbiae
337 508 505 544 ludibrio
558 508 687 554 fueris,
742 522 811 558 per
861 510 1025 547 dedecus
1071 512 1274 549 amittere?

91 573 243 610 Verum
272 574 375 609 enim
403 580 505 619 vero,
533 587 603 622 pro
627 574 741 610 deum
765 579 881 624 atque
904 576 1107 614 hominum
1132 578 1272 615 fidem!

90 639 254 675 victoria
273 639 314 674 in
335 651 452 674 manu
471 639 584 675 nobis
604 644 662 676 est
678 654 685 685 ;
715 640 821 689 viget
840 644 957 687 aetas,
975 642 1128 679 animus
1142 644 1246 679 valet
1262 658 1272 689 3

91 709 225 741 contra
244 704 332 749 illis,
354 704 468 740 annis
488 709 604 753 atque
625 705 788 750 divitiis,
815 706 946 742 omnia
975 712 1271 744 consenuerunt.

91 770 258 806 Tantum
287 770 400 806 modo
428 770 581 819 incepto
611 783 708 819 opus
737 775 817 818 est,
856 775 983 808 cetera
1002 784 1063 808 res
1083 772 1271 821 expediet.

90 835 247 871 Etenim
284 835 371 884 quis
407 835 641 882 mortalium,
681 837 743 872 cui
779 837 893 873 virile
930 837 1130 886 ingenium
1160 838 1271 884 inest,

89 900 253 937 tolerare
273 904 400 950 potest
419 900 497 937 illis
517 901 675 938 divitias
699 915 891 950 superare,
915 915 1010 951 quas
1036 902 1275 951 profundant

89 965 131 1001 in
159 966 394 1002 exstruendo
422 966 520 1002 mari
553 972 592 1002 et
625 967 824 1004 montibus
857 968 1123 1016 coaequandis,
1163 968 1275 1004 nobis

89 1044 171 1067 rem
217 1030 447 1067 familiarem
495 1031 612 1067 etiam
649 1032 697 1067 ad
735 1033 949 1069 necessaria
986 1033 1141 1070 deesse?
1188 1033 1275 1069 illos

90 1097 210 1142 binas,
245 1100 314 1132 aut
351 1096 526 1145 ampliuS,
561 1096 694 1134 domos
722 1099 974 1144 continuare,
1014 1098 1125 1135 nobis
1153 1098 1275 1135 larem

90 1161 318 1198 familiarem
362 1174 553 1210 nusquam
599 1162 723 1198 ullum
770 1164 875 1200 esse?
932 1163 1062 1207 Quum
1109 1163 1271 1209 tabulas,

89 1226 208 1275 signa,
230 1229 447 1262 toreumata
467 1232 613 1272 emunt,
635 1240 737 1264 nova
756 1227 930 1274 diruunt,
952 1228 1028 1264 alia
1053 1228 1271 1273 aedificant,

89 1296 283 1341 postremo
311 1291 491 1328 omnibus
519 1292 644 1329 modis
673 1293 877 1341 pecuniam
907 1293 1083 1339 trahunt,
1114 1298 1272 1338 vexant,

89 1361 220 1393 tamen
240 1369 390 1393 summa
409 1357 583 1394 lubidine
603 1358 761 1394 divitias
779 1358 933 1395 vincere
949 1362 1158 1407 nequeunt.
1216 1360 1276 1395 At

90 1422 201 1459 nobis
246 1426 304 1459 est
350 1422 454 1459 domi
500 1423 641 1472 inopia,
691 1424 785 1460 foris
830 1438 894 1461 aes
931 1425 1100 1461 alienum
1116 1438 1126 1472 3
1174 1425 1276 1461 mala

90 1500 160 1534 res,
183 1500 269 1536 spes
294 1488 418 1524 multo
445 1489 641 1537 asperior:
677 1489 854 1539 denique,
882 1490 975 1539 quid
1001 1490 1142 1539 reliqui
1164 1490 1276 1527 habe-

89 1565 186 1598 mus,
225 1557 379 1601 praeter
415 1554 594 1590 miseram
636 1554 833 1592 animam?
891 1555 996 1600 Quin
1043 1555 1164 1604 igitur
1210 1568 1274 1592 ex-

88 1618 373 1667 pergiscimini?
439 1618 501 1654 En
547 1619 625 1666 illa,
674 1620 742 1656 illa
788 1633 904 1669 quam
948 1633 1061 1669 saepe
1098 1621 1272 1669 optastis,

88 1683 258 1729 libertas,
298 1687 496 1733 praeterea
532 1685 703 1731 divitiae,
744 1685 868 1731 decus,
907 1686 1030 1735 gloria
1066 1685 1109 1721 in
1155 1686 1275 1722 oculis

88 1749 164 1784 sita
188 1751 305 1786 sunt!
354 1749 513 1786 fortuna
538 1750 669 1786 omnia
694 1751 907 1787 victoribus
933 1751 1105 1800 praemia
1133 1752 1273 1800 posuit.

90 1814 179 1860 Res,
202 1819 366 1864 tempus,
395 1816 574 1864 pericula,
604 1820 762 1865 egestas,
791 1816 884 1853 belli
909 1817 1032 1865 spolia
1060 1816 1273 1865 magnifica,

89 1880 211 1928 magis
241 1893 357 1929 quam
395 1882 520 1918 oratio
554 1882 770 1919 hortentur.
832 1883 906 1919 Vel
943 1883 1176 1932 imperatore
1213 1882 1275 1918 vel

89 1945 213 1981 milite
251 1958 311 1982 me
350 1947 531 1984 utimini:
578 1961 703 1996 neque
740 1948 894 1984 animus
931 1961 1058 1997 neque
1087 1959 1223 1997 eorpus
1252 1960 1275 1983 a

89 2009 199 2045 vobis
236 2010 372 2048 aberit.
430 2011 541 2048 Haeo
578 2012 671 2060 ipsa,
712 2017 758 2049 ut
794 2026 916 2061 spero,
956 2013 1155 2050 vobiscum
1197 2025 1275 2048 una

89 2075 221 2111 consul
258 2088 369 2124 agam
387 2088 398 2122 3
444 2077 520 2113 nisi
558 2078 658 2114 forte
695 2078 849 2114 animus
886 2078 1001 2125 fallit,
1037 2082 1077 2115 et
1106 2090 1173 2114 vos
1201 2090 1274 2114 ser-

90 2139 173 2176 vire
188 2140 310 2189 magis
329 2154 445 2190 quam
465 2142 654 2191 imperare
674 2143 801 2192 parati
820 2143 947 2180 estis.’'

168 2205 287 2242 XXI.
347 2206 559 2255 Postquam
597 2221 774 2258 accepere
812 2222 857 2245 ea
902 2209 1086 2254 homines,
1136 2207 1277 2257 quibus

1496 1446 1502 1498 ...—
1496 1359 1502 1431 Δ“-.-
1495 1311 1502 1351 ..α-ν
1493 1177 1502 1299 ..μεν-...σ-
1495 1138 1499 1166 ,Α
