1543 2449
420 96 711 133 SALLUSTJI
743 93 1048 132 JUGURTIJA.
1301 94 1323 132 7

152 194 224 218 avo
261 193 329 218 suo
361 180 602 217 Masinissa.'’
658 180 786 228 Igitur
816 192 886 215 rex
917 179 985 215 ubi
1016 192 1061 215 ea
1092 191 1190 227 quae
1221 178 1325 216 fama

151 248 360 293 acceperat,
392 257 440 280 ex
471 244 612 280 litteris
648 243 890 292 imperatoris
926 243 983 279 ita
1019 255 1100 279 esse
1132 243 1323 292 cognovit,

151 321 270 357 quum
295 308 440 343 virtute
465 308 540 343 viri
563 310 647 343 tum
666 307 791 356 gratia
809 310 1005 356 permotus
1024 306 1135 342 flexit
1152 306 1325 342 animum

151 385 263 408 suum
291 376 331 408 et
354 372 381 408 J
386 372 590 420 ugurtham
619 371 813 407 beneficiis
838 371 991 407 vincere
1017 370 1219 419 adgressus
1243 373 1325 417 est3

142 435 357 485 'statimque
390 447 477 471 eum
506 434 708 482 adoptavit
736 438 776 471 et
806 437 1038 471 testamento
1065 433 1211 482 pariter
1238 445 1325 469 cum

150 497 240 534 filiis
266 497 445 534 heredem
472 497 655 535 instituit.
713 498 788 534 Sed
816 498 897 546 ipse
924 508 1066 546 paucos
1093 499 1181 545 post
1204 508 1326 532 annos

149 562 282 598 morbo
309 565 425 610 atque
453 565 579 598 aetate
607 561 805 598 confectus
834 574 952 610 quum
981 561 1056 597 sibi
1080 561 1195 597 finem
1220 560 1326 597 vitae

149 625 280 662 adesse
316 626 560 674 intelligeret,
599 639 725 663 eoram
761 627 894 663 amicis
930 630 970 662 et
1010 626 1194 673 cognatis,
1231 624 1325 661 item

149 687 372 724 Adherbale
407 692 447 724 et
483 688 709 737 Hiempsale
745 689 846 734 filiis,
880 688 1024 725 dieitur
1060 686 1326 736 hujuscemodi

150 752 266 788 verba
285 765 371 788 cum
390 753 418 789 J
421 753 588 800 ugurtha
607 753 795 789 habuisse.

226 815 278 852 X.
338 816 536 852 “Parvum
556 829 636 864 ego,
652 816 679 853 J
683 816 861 864 ugurtha,
878 820 929 862 te,
945 816 1084 852 amisso
1103 819 1224 864 patre,
1242 815 1324 852 sine

146 892 225 928 spe,
247 880 328 916 sine
351 880 487 928 opibus
512 879 553 915 in
578 892 705 915 meum
731 892 891 928 regnum
917 879 1047 928 accepi
1059 892 1069 926 3
1098 880 1325 916 existimans

146 954 225 978 non
243 942 371 978 minus
389 955 450 978 me
469 942 541 978 tibi
560 955 675 990 quam
694 942 836 988 liberis,
853 941 885 978 si
903 942 1132 990 genuissem,
1146 943 1194 978 ob
1213 942 1324 978 bene-

146 1006 233 1042 ficia
269 1019 399 1042 carum
436 1006 541 1043 fore:
578 1019 703 1055 neque
734 1019 779 1042 ea
810 1019 871 1042 res
903 1006 1044 1042 falsum
1077 1019 1139 1042 me
1170 1006 1318 1043 habuit.

146 1070 261 1116 Nam,
291 1073 336 1106 ut
365 1070 441 1106 alia
469 1083 609 1119 magna
636 1074 675 1107 et
704 1071 856 1119 egregia
883 1075 953 1107 tua
979 1071 1169 1117 omittam,
1198 1070 1323 1107 novis-

145 1134 239 1170 sime
263 1134 416 1170 rediens
435 1134 652 1170 Numantia
676 1147 812 1183 meque
837 1147 1074 1184 regnumque
1099 1148 1227 1171 meum
1246 1135 1323 1183 glo-

143 1198 202 1234 ria
220 1198 458 1235 honoravisti
471 1213 480 1245 3
506 1202 576 1235 tua
594 1199 740 1236 virtute
765 1200 876 1236 nobis
899 1200 1096 1236 Romanos
1119 1213 1168 1236 ex
1190 1200 1323 1236 amieis

143 1262 392 1298 amicissimos
411 1261 537 1298 fecisti
550 1276 560 1309 3
585 1262 627 1298 in
646 1262 841 1311 Hispania
864 1275 1005 1299 nomen
1024 1263 1194 1299 familiae
1216 1276 1323 1300 reno-

142 1329 276 1362 vatum
305 1329 363 1362 est
375 1338 385 1372 3
421 1329 625 1374 postremo,
654 1325 757 1375 quod
789 1326 1058 1362 difficillimum
1091 1326 1194 1363 inter
1225 1339 1322 1363 mor-

142 1391 239 1427 tales
259 1394 328 1436 est,
343 1390 465 1439 gloria
482 1390 670 1426 invidiam
690 1391 828 1427 vicisti.
876 1391 917 1427 N
920 1404 1008 1437 une,
1024 1391 1206 1440 quoniam
1225 1391 1322 1427 mihi

142 1458 283 1491 natura
301 1454 405 1490 vitae
426 1454 542 1490 finem
566 1453 673 1500 facit,
693 1467 762 1503 per
785 1454 884 1491 hane
909 1454 1099 1500 dextram,
1120 1467 1188 1503 per
1212 1455 1321 1504 regni

142 1517 256 1554 fidem
284 1530 419 1554 moneo
447 1517 692 1565 obtestorque
719 1521 769 1563 te,
796 1517 856 1553 uti
883 1517 964 1563 hos,
988 1517 1055 1566 qui
1081 1517 1155 1553 tibi
1182 1530 1320 1566 genere

141 1581 359 1630 propinqui,
388 1581 572 1617 beneficio
600 1593 685 1617 meo
712 1580 853 1617 fratres
880 1584 984 1626 sunt,
1015 1593 1122 1617 caros
1154 1581 1296 1618 habeas
1310 1595 1319 1628 3

141 1657 217 1681 neu
235 1644 347 1681 malis
365 1644 510 1681 alienos
530 1644 739 1693 adjungere
758 1657 872 1693 quam
893 1644 1079 1693 sanguine
1094 1645 1319 1692 conjunctos

141 1709 316 1745 retinere.
360 1708 453 1744 Non
467 1708 660 1744 exercitus
674 1720 798 1756 neque
812 1707 985 1745 thesauri
1003 1707 1195 1756 praesidia
1209 1708 1318 1756 regni

140 1775 243 1817 sunt,
274 1784 408 1808 verum
440 1771 565 1817 amici,
599 1784 693 1820 quos
725 1784 850 1820 neque
882 1772 999 1807 armis
1031 1784 1164 1820 cogere
1193 1784 1317 1820 neque

139 1847 234 1887 auro
269 1847 404 1883 parare
436 1847 575 1883 queas:
613 1835 736 1871 officio
769 1839 809 1871 et
840 1835 915 1871 fide
946 1835 1162 1883 pariuntur.
1221 1835 1317 1880 Quis

138 1903 269 1935 autem
294 1898 462 1944 amicior,
483 1911 598 1947 quam
617 1898 739 1934 frater
756 1898 894 1935 fratri?
921 1902 990 1934 aut
1009 1911 1122 1947 quem
1145 1898 1315 1935 alienum

137 1962 258 1999 fidum
289 1961 474 2007 invenies,
503 1961 537 1998 si
567 1961 646 1998 tuis
675 1961 797 1998 hostis
828 1961 973 1998 fueris?
1027 1961 1218 2011 Equidem
1247 1975 1317 2011 ego

137 2025 246 2062 vobis
270 2038 430 2073 regnum
456 2024 568 2061 trado
592 2025 758 2070 firmum,
783 2025 815 2061 si
842 2024 934 2061 boni
961 2024 1069 2061 eritis
1082 2039 1093 2072 3
1120 2025 1182 2061 sin
1209 2026 1313 2071 mali,

136 2089 381 2126 imbecillum.
439 2088 543 2125 Nam
570 2088 772 2125 concordia
790 2101 933 2137 parvae
952 2101 1012 2125 res
1031 2093 1219 2136 crescunt,
1240 2089 1314 2126 dis-

135 2153 265 2191 cordia
300 2152 491 2189 maximae
528 2151 764 2189 dilabuntur.
824 2152 1003 2190 Ceterum
1036 2156 1127 2189 ante
1158 2153 1228 2190 hos
1260 2157 1310 2199 te,
