1543 2449
380 107 679 146 SALLUSTII
711 107 1019 146 JUGURTHA.
1247 109 1292 146 31

117 195 291 245 proximo
328 206 430 230 anno
461 196 549 242 post
581 192 753 229 Bestiam
785 205 871 228 cum
902 192 945 237 Q.
980 192 1157 229 Municio
1187 193 1295 231 Rufo

119 259 361 297 consulatum
397 258 566 306 gerebat,
604 257 823 306 persuadet,
861 257 1043 305 quoniam
1081 269 1130 293 ex
1176 258 1295 306 stirpe

116 323 345 360 Masinissae
361 321 422 366 sit,
436 320 675 368 «Iugurtham
696 321 744 356 ob
757 320 900 357 scelera
918 319 1067 356 invidia
1082 333 1169 356 cum
1188 325 1294 357 metu

114 389 260 435 urgeat,
289 396 450 433 regnum
479 383 693 419 Numidiae
720 383 769 419 ab
798 386 935 419 senatu
964 386 1081 432 petat.
1139 383 1295 419 Avidus

113 450 247 487 consul
283 449 376 485 belli
413 447 583 496 gerendi,
614 447 762 483 moveri
792 461 907 496 quam
940 460 1135 484 senescere
1166 448 1295 484 omnia

112 497 301 551 malebat:
331 513 405 561 ipsi
425 512 625 561 provincia
644 512 844 557 Numidia,
865 512 1042 549 Minucio
1062 512 1294 549 Macedonia

111 581 301 615 evenerat.
371 577 479 621 Quae
516 580 720 625 postquam
757 576 931 612 Massiva
968 577 1115 624 agitare
1153 577 1290 625 coepit,

110 654 234 690 neque
265 641 293 678 J
296 640 485 689 ugurthae
518 640 559 676 in
591 639 724 676 amicis
752 640 846 676 satis
878 640 1061 688 praesidii
1090 644 1160 686 est,
1190 641 1291 689 quod

111 719 242 742 eorum
271 705 390 741 alium
420 704 666 749 conscientia,
696 704 816 740 alium
848 705 951 740 mala
979 704 1083 741 fama
1111 709 1149 740 et
1177 705 1294 741 timor

111 771 358 820 impediebat,
380 769 600 814 Bomilcari,
627 769 804 818 proximo
832 782 876 805 ac
904 770 1072 806 maxime
1100 770 1177 806 fido
1206 770 1290 814 sibi,

108 837 285 884 imperat,
308 839 329 855 “
343 835 478 883 pretio,
500 834 616 871 sicuti
640 834 766 870 multa
794 833 1024 880 confecerat,
1046 835 1292 871 insidiatores

108 899 304 935 Massivae
322 903 444 948 paret,
458 911 501 934 ac
520 898 688 934 maxime
707 898 857 934 occulte
871 912 880 945 3
910 899 970 935 sin
990 899 1030 935 id
1049 913 1186 948 parum
1207 913 1290 948 pro-

108 965 230 1010 cedat,
250 964 387 1013 quovis
411 962 525 999 modo
553 961 767 998 Numidam
793 961 1037 1000 interficiat.”
1093 964 1288 1001 Bomilcar

106 1033 257 1065 mature
276 1029 376 1077 regis
394 1027 579 1064 mandata
593 1028 819 1076 exsequitur
834 1041 843 1074 ;
871 1031 911 1063 et
925 1041 994 1076 per
1005 1028 1180 1065 homines
1200 1030 1290 1065 talis

106 1092 251 1141 negotii
269 1091 436 1128 artifices
455 1091 597 1127 itinera
616 1104 865 1140 egressusque
885 1092 979 1139 ejus,
992 1096 1187 1141 postremo
1206 1093 1290 1129 loca

106 1160 222 1204 atque
241 1159 415 1204 tempora
435 1158 576 1191 cuncta
595 1155 774 1203 explorat
790 1168 799 1201 3
828 1155 978 1201 deinde,
996 1156 1063 1191 ubi
1082 1169 1142 1193 res
1161 1163 1290 1206 post-u-

104 1218 222 1263 labat,
238 1217 400 1254 insidias
412 1217 548 1253 tendit.
593 1216 723 1265 Igitur
737 1229 838 1253 unus
853 1229 901 1253 ex
917 1230 961 1253 eo
973 1231 1145 1264 numero,
1159 1220 1225 1268 qui
1240 1220 1289 1256 ad

105 1281 259 1318 caedem
278 1281 405 1330 parati
424 1284 536 1317 erant
555 1281 686 1329 paullo
705 1280 963 1318 inconsultius
988 1281 1200 1319 Massivam
1226 1284 1289 1320 ad-

102 1345 288 1393 greditur,
302 1345 412 1381 illum
433 1345 664 1391 obtruncat3
693 1345 758 1381 sed
772 1345 853 1394 ipse
873 1346 1134 1395 deprehensus
1152 1349 1302 1385 multis

103 1409 349 1446 hortantibus
395 1413 435 1445 et
470 1410 512 1445 in
548 1409 684 1458 primis
721 1409 868 1446 Albino
905 1412 1060 1448 consule
1098 1413 1286 1450 indicium

102 1472 314 1520 profitetur.
373 1473 439 1509 Fit
467 1486 556 1509 reus
584 1473 707 1521 magis
736 1486 784 1509 ex
812 1486 933 1522 aequo
961 1475 1149 1524 bonoque,
1170 1490 1284 1526 quam

103 1549 151 1571 ex
178 1535 267 1584 jure
298 1537 472 1584 gentium
505 1536 711 1581 Bomilcar,
742 1550 867 1573 comes
899 1539 993 1586 ejus,
1024 1540 1091 1588 qui
1119 1540 1284 1582 Romam,

103 1600 178 1636 fide
203 1600 359 1648 publica
380 1604 549 1637 venerat.
608 1601 667 1637 At
694 1601 721 1638 J
725 1601 894 1649 ugurtha
920 1604 1151 1641 manifestus
1182 1607 1285 1643 tanti

105 1663 257 1699 sceleris
289 1676 368 1699 non
404 1664 512 1712 prius
550 1664 680 1700 omisit
717 1668 852 1701 contra
883 1678 1017 1702 verum
1051 1668 1137 1713 niti,
1168 1682 1283 1719 quam

101 1727 273 1763 animum
318 1727 488 1764 advertit
533 1741 649 1777 supra
693 1729 860 1777 gratiam
911 1734 1028 1779 atque
1077 1734 1280 1780 pecuniam

101 1804 209 1827 suam
229 1792 416 1828 invidiam
435 1793 531 1829 facti
543 1806 632 1829 esse.
692 1793 832 1841 Igitur,
846 1807 1079 1843 quamquam
1095 1797 1136 1832 in
1156 1798 1282 1846 priore

101 1855 251 1891 actione
280 1868 329 1891 ex
356 1856 489 1892 amicis
517 1857 800 1905 quinquaginta
827 1858 945 1894 vades
970 1858 1141 1906 dederat,
1163 1873 1281 1909 regno

100 1920 222 1968 magis
251 1933 366 1968 quam
399 1921 563 1957 vadibus
601 1921 804 1957 consulens
842 1922 939 1958 clam
976 1923 1017 1958 in
1053 1923 1281 1961 Numidiam

101 1984 357 2020 Bomilcarem
395 1984 572 2030 dimittit,
607 1985 756 2021 veritus
792 1998 840 2021 ne
877 1986 1045 2034 reliquos
1077 1988 1282 2035 populares

98 2052 224 2084 metus
260 2049 463 2084 invaderet
494 2049 655 2098 parendi
685 2050 770 2094 sibi,
805 2050 837 2086 si
869 2050 916 2086 de
949 2051 1015 2087 illo
1048 2053 1278 2100 supplicium

99 2117 269 2149 sumtum
306 2113 418 2159 foret,
453 2118 492 2150 et
529 2114 609 2162 ipse
646 2115 779 2163 paucis
816 2115 951 2151 diebus
982 2116 1178 2164 profectus
1209 2123 1279 2163 est,

93 2177 224 2224 jussus
244 2177 292 2212 ab
313 2181 449 2213 senatu
464 2177 581 2213 Italia
597 2178 789 2214 decedere.
848 2178 922 2214 Sed
938 2183 1139 2228 postquam
1155 2180 1281 2217 Roma
