1543 2449
403 96 702 133 SALLUSTII
734 94 1048 133 JUGURTHA.
1268 95 1314 131 21

143 184 267 221 tentia
285 184 378 220 haec
397 183 491 219 fuit:
523 182 645 218 “Non
664 195 749 218 mea
767 182 880 230 culpa
894 194 1006 230 saepe
1021 181 1070 218 ad
1083 194 1151 218 vos
1166 185 1317 218 oratum

143 249 268 294 mitto,
300 247 436 284 Patres
472 247 690 295 conscripti,
722 246 788 282 sed
815 247 874 283 vis
902 246 929 283 J
933 246 1123 294 ugurthae
1150 245 1318 294 subigit3

143 324 255 360 quem
274 315 386 347 tanta
403 310 536 346 lubido
555 310 829 358 exstinguendi
846 323 907 346 me
932 309 1088 355 invasit,
1108 310 1168 346 uti
1196 322 1319 358 neque

142 387 221 420 vos,
241 387 365 423 neque
384 374 474 410 deos
492 374 728 410 immortales
753 374 794 409 in
821 374 950 410 animo
977 372 1118 408 habeat
1131 385 1141 419 3
1170 372 1319 420 sangui-

141 451 230 475 nem
248 451 388 483 meum,
409 451 524 486 quam
543 438 683 483 omnia,
704 437 824 473 malit.
883 437 1023 485 Itaque
1043 436 1222 485 quintum
1238 437 1318 484 jam

136 488 311 539 ¹mensem
349 503 473 539 socius
501 506 541 538 et
568 502 714 538 amicus
741 501 875 550 populi
908 501 1077 537 Romani
1114 500 1231 536 armis
1259 501 1320 536 ob-

142 579 267 603 sessus
294 571 428 603 teneor
441 580 451 613 3
480 579 604 614 neque
631 565 728 601 mihi
756 565 944 614 Micipsae
972 565 1095 613 patris
1122 564 1319 609 beneficia,

141 643 265 680 noque
304 636 434 667 vestra
472 630 627 666 decreta
664 629 929 675 auxiliantur,
970 628 1084 673 ferro,
1122 641 1173 664 an
1205 627 1319 672 fame,

141 696 267 732 acrius
286 708 434 744 urgear,
455 695 625 730 incertus
644 706 738 729 511111.
797 692 917 728 Plura
944 692 991 728 de
1016 692 1043 728 J
1048 692 1215 740 ugurtha
1234 691 1321 728 scri-

140 760 229 795 bere
267 759 495 795 dehortatur
532 770 592 793 me
625 757 783 792 fortuna
815 769 922 803 mea3
962 756 1079 792 etiam
1116 759 1232 792 antea
1259 768 1321 791 ex-

141 827 274 872 pertus
293 836 390 868 sum,
409 835 546 871 parum
574 821 665 857 fidei
692 821 842 857 miseris
870 833 951 857 esse
965 834 975 867 3
1003 820 1080 856 nisi
1107 825 1239 856 tamen
1266 820 1321 855 in-

141 888 285 936 telligo,
320 888 430 923 illum
469 899 586 935 supra
625 898 740 934 quam
780 898 848 933 ego
890 898 975 921 sum
1014 888 1156 933 petere,
1196 897 1321 933 neque

141 952 256 988 simul
288 951 498 987 amicitiam
523 953 692 985 vestram
725 952 764 985 ct
793 961 954 996 regnum
982 961 1111 984 meum
1140 961 1317 997 sperare:

141 1020 272 1052 utrum
297 1015 454 1063 gravius
480 1013 689 1058 existimet,
709 1013 856 1049 nemini
875 1013 1070 1049 occultum
1090 1016 1156 1048 est.
1216 1012 1320 1048 Nam

140 1080 252 1116 initio
272 1079 412 1115 occidit
432 1077 698 1126 Hiempsalem
727 1076 888 1112 fratrem
907 1089 1036 1112 meum
1050 1089 1060 1123 3
1090 1075 1230 1112 deinde
1257 1088 1319 1124 pa-

141 1144 217 1180 trio
236 1155 353 1191 regno
372 1155 433 1178 me
453 1142 605 1190 expulit
615 1154 776 1189 :—quae
795 1154 886 1177 sane
908 1141 1057 1177 fuerint
1084 1144 1238 1177 nostrae
1266 1141 1321 1176 in-

136 1206 273 1254 juriae,
303 1206 402 1242 nihil
430 1205 479 1242 ad
507 1218 584 1241 vos.
644 1205 794 1241 Verum
826 1218 929 1241 nunc
957 1209 1130 1241 vestrum
1159 1218 1320 1253 regnum

140 1270 257 1306 armis
289 1273 420 1316 tenet,
462 1282 535 1315 me,
571 1282 685 1317 quem
718 1282 787 1306 vos
825 1270 1096 1319 imperatorem
1136 1270 1321 1307 Numidis

139 1335 332 1383 posuistis,
363 1335 535 1370 clausum
568 1334 741 1380 obsidet3
778 1335 992 1383 legatorum
1030 1335 1148 1370 verba
1184 1335 1321 1383 quanti

139 1399 275 1435 fecerit
306 1398 477 1447 pericula
505 1410 590 1434 mea
622 1398 829 1434 declarant.
888 1398 992 1443 Quid
1021 1399 1225 1447 reliquum,
1245 1399 1321 1435 nisi

139 1463 198 1499 vis
213 1466 353 1508 vestra,
367 1475 442 1510 quo
456 1462 603 1498 moveri
614 1463 759 1510 possitZ
804 1462 909 1498 Nam
924 1475 993 1511 ego
1009 1462 1164 1511 quidem
1179 1463 1318 1499 vellem

140 1531 179 1562 et
190 1526 295 1572 haec,
310 1539 406 1575 quae
419 1526 554 1571 scribo,
569 1530 608 1562 et
620 1526 697 1572 1116,
712 1539 809 1575 quae
824 1530 939 1563 antea
951 1527 993 1562 in
1008 1531 1146 1563 senatu
1161 1531 1320 1575 questus

140 1602 236 1635 sum,
257 1602 358 1626 vana
376 1589 505 1626 forent
529 1590 671 1638 potius,
692 1603 806 1638 quam
826 1590 981 1626 miseria
999 1603 1085 1626 mea
1104 1590 1219 1626 fidem
1239 1602 1320 1626 ver-

139 1655 198 1691 bis
218 1654 370 1690 faceret.
430 1653 505 1690 Sed
525 1654 706 1703 quoniam
732 1667 776 1690 60
795 1658 911 1690 natus
931 1667 1015 1690 sum
1035 1658 1080 1690 ut
1099 1654 1126 1690 J
1130 1654 1320 1702 ugurthae

140 1719 327 1755 scelerum
364 1719 536 1755 ostentui
576 1731 709 1765 essem,
748 1732 827 1755 non
865 1719 947 1767 jam
989 1722 1152 1754 mortem
1195 1730 1320 1766 neque

139 1794 354 1828 aerumnas,
374 1782 643 1818 tantummodo
662 1782 810 1832 inimici
834 1783 1038 1831 imperium
1059 1786 1099 1818 et
1126 1782 1320 1818 cruciatus

140 1845 308 1893 corporis
340 1844 530 1893 deprecor.
590 1844 727 1893 Regno
760 1846 982 1891 Numidiae,
1015 1845 1116 1894 quod
1146 1850 1318 1881 vestrum

139 1912 209 1953 est,
230 1908 289 1944 uti
306 1908 426 1953 lubet,
447 1909 652 1955 consulite3
681 1922 741 1945 me
761 1922 809 1945 ex
824 1910 1002 1946 manibus
1021 1910 1150 1958 impiis
1168 1910 1318 1959 eripite,

139 1984 208 2020 pcr
234 1971 474 2019 majestatem
508 1972 671 2020 imperii,
702 1986 771 2021 per
802 1973 995 2009 amicitiae
1025 1974 1151 2020 fidem,
1179 1975 1211 2011 si
1240 1977 1320 2012 ulla

140 2035 243 2084 apud
263 2048 331 2071 vos
350 2036 533 2072 memoria
552 2041 725 2073 remanet
743 2038 808 2073 avi
826 2038 902 2073 mei
922 2037 1185 2075 Masinissae.⁷'

218 2100 354 2137 XXV.
413 2101 491 2136 His
519 2101 660 2138 litteris
688 2103 859 2139 recitatis
878 2103 998 2148 fuere,
1018 2104 1085 2151 qui
1104 2104 1315 2141 exercitum

140 2164 181 2201 in
217 2163 395 2200 Africam
423 2163 657 2200 mittendum
687 2169 898 2211 censerent,
927 2169 966 2202 et
998 2178 1113 2215 quam
1149 2167 1316 2216 primum
