1543 2449
214 115 263 152 ’ΤΟ
489 115 623 152 SALL
633 115 757 152 USTI
759 115 784 151 I
819 115 852 151 J
857 116 926 153 UG
933 116 969 152 U
965 116 1003 152 B
1007 117 1085 153 ΤΗ
1084 116 1128 154 Α.

212 214 328 250 quam
356 201 481 250 iniqui
509 202 596 238 sint.
656 201 768 245 Quod
794 214 843 238 ex
868 201 995 238 aliena
1019 202 1168 239 virtute
1193 202 1267 239 sibi
1292 215 1393 239 arro-

211 269 317 314 gant,
346 265 387 302 id
414 265 511 301 mihi
538 278 587 301 ex
615 278 700 301 mea
728 278 806 301 non
838 266 1076 303 concedunt:
1115 267 1272 313 scilicet,
1301 267 1394 316 quia

211 329 398 377 imagines
417 341 496 364 non
520 328 654 374 habeo,
675 332 716 364 et
740 329 832 377 quia
856 329 953 365 mihi
977 342 1079 366 nova
1103 331 1286 367 nobilitas
1311 334 1371 367 est
1383 344 1393 377 3

211 405 327 441 quam
347 396 450 428 certe
469 392 662 440 peperisse
681 393 819 429 melius
833 397 904 439 est,
917 406 1032 442 quam
1052 398 1248 443 acceptam
1268 407 1394 431 corru-

212 457 321 505 pisse.
380 455 572 504 Equidem
603 468 672 504 ego
703 469 783 492 non
814 456 961 505 ignoro,
990 457 1023 493 si
1050 457 1131 505 jam
1163 457 1395 506 respondere

212 521 346 566 velint,
360 520 513 556 abunde
532 521 610 556 illis
629 520 837 557 facundam
857 525 898 557 et
916 521 1165 570 compositam
1181 521 1394 558 orationem

211 585 302 621 fore.
362 584 437 620 Sed
465 583 506 619 in
534 584 704 620 maximo
726 588 856 621 vestro
874 585 1059 621 beneficio
1078 598 1198 634 quum
1216 585 1395 621 omnibus

212 649 304 685 locis
330 661 390 684 me
416 661 561 696 vosque
586 648 803 685 maledictis
828 649 1011 695 lacerent,
1031 662 1110 685 non
1134 649 1283 698 placuit
1306 649 1396 685 reti-

212 726 307 759 cere,
345 725 394 749 ne
431 713 517 761 quis
559 713 787 749 modestiam
830 714 872 749 in
912 713 1186 750 conscientiam
1224 712 1391 749 duceret.

211 777 316 813 Nam
341 790 402 813 me
427 777 595 825 quidem,
616 790 665 813 ex
690 777 811 813 animi
835 777 912 814 mei
931 778 1125 814 sententia
1143 777 1252 813 nulla
1270 776 1395 813 oratio

210 841 361 878 laedere
380 845 525 890 potest:
547 841 688 890 quippe
704 854 796 877 vera
814 854 967 878 necesse
987 846 1046 878 cst
1064 842 1161 878 bene
1179 840 1395 890 praedicet,-

211 905 349 942 falsam
378 905 462 942 vita
490 918 690 954 moresque
726 905 803 941 mei
839 909 1032 954 superant.
1092 905 1178 951 Sed,
1213 904 1395 953 quoniam

211 974 342 1006 vestra
361 970 521 1006 consilia
539 973 782 1014 accusantur,
796 969 863 1018 qui
882 970 978 1005 mihi
997 982 1190 1005 summum
1209 968 1393 1005 honorem

211 1039 252 1070 ct
275 1034 489 1070 maximum
508 1034 706 1082 negotium
727 1034 976 1082 imposuistis,
997 1034 1114 1070 etiam
1140 1037 1257 1082 atque
1276 1032 1394 1069 etiam

211 1100 401 1146 reputate,
421 1110 515 1132 num
541 1110 673 1133 eorum
699 1097 976 1146 poenitendum
1003 1098 1062 1133 sit.
1121 1097 1215 1133 Non
1236 1109 1393 1145 possum

211 1160 302 1197 fidei
320 1173 455 1197 caussa
473 1160 671 1209 imagines,
691 1174 815 1209 neque
835 1160 1052 1209 triumphos
1075 1164 1144 1196 aut
1170 1159 1395 1196 consulatus

212 1225 401 1273 majorum
420 1237 593 1260 meorum
613 1228 807 1261 ostentare
817 1239 826 1271 3
850 1229 903 1270 at,
920 1225 952 1261 si
971 1237 1032 1260 res
1051 1224 1232 1273 postulet,
1249 1214 1406 1268 hastas,

211 1288 412 1332 vexillum,
432 1287 621 1336 phaleras,
637 1288 714 1324 alia
731 1288 918 1324 militaria
936 1287 1038 1324 dona
1046 1301 1055 1334 3
1074 1291 1284 1336 praeterea,
1301 1286 1396 1322 cica-

212 1352 328 1388 trices
364 1351 526 1387 adverso
563 1364 729 1400 corpore.
797 1351 887 1388 Hae
923 1355 1016 1388 sunt
1051 1363 1159 1387 meae
1194 1350 1394 1398 imagines,

212 1415 306 1452 haec
341 1415 536 1460 nobilitas,
574 1428 653 1451 non
688 1415 904 1451 hereditate
941 1415 1088 1460 relicta,
1119 1419 1165 1451 ut
1200 1415 1269 1451 illa
1304 1414 1395 1459 illis,

211 1479 279 1516 sed
305 1492 402 1528 quae
427 1492 497 1528 ego
522 1479 700 1528 plurimis
724 1480 921 1516 laboribus
944 1483 984 1516 et
1007 1479 1190 1528 periculis
1209 1479 1392 1528 quaesivi.

212 1543 305 1579 Non
324 1546 417 1579 sunt
441 1543 653 1592 composita
670 1543 790 1579 verba
808 1556 915 1590 mea3
944 1556 1081 1592 parum
1101 1543 1140 1579 id
1161 1543 1285 1589 faci03
1312 1543 1397 1592 ipsa

211 1620 251 1643 se
283 1607 410 1643 virtus
442 1607 536 1643 satis
568 1607 761 1644 ostendit:
799 1607 877 1644 illis
910 1608 1074 1644 artificio
1106 1620 1203 1656 opus
1235 1611 1305 1654 est,
1337 1608 1397 1644 uti

211 1671 343 1720 turpia
361 1671 466 1708 facta
488 1671 662 1707 oratione
687 1675 830 1720 tegant.
889 1672 1028 1720 Neque
1053 1672 1204 1708 litteras
1230 1672 1397 1709 Graecas

212 1736 348 1772 didici:
375 1748 512 1784 parum
532 1736 711 1784 placebat
728 1749 792 1772 eas
812 1736 969 1782 discere,
990 1736 1132 1784 quippe
1151 1748 1249 1784 quae
1262 1735 1311 1772 ad
1322 1736 1397 1771 vir-

212 1804 337 1836 tutem
357 1800 579 1836 doctoribus
598 1799 696 1835 nihil
718 1799 960 1848 profuerunt.
1019 1799 1079 1836 At
1102 1800 1170 1836 illa
1188 1800 1312 1836 multo
1334 1812 1397 1848 op-

212 1864 309 1899 tima
326 1863 561 1912 reipublicae
581 1863 718 1899 doctus
743 1876 852 1910 sum,
881 1863 1030 1899 hostem
1057 1863 1185 1908 ferire,
1205 1863 1398 1912 praesidia

212 1928 359 1976 agitare
372 1941 381 1974 3
410 1927 509 1963 nihil
537 1931 721 1973 metuere,
748 1927 824 1963 nisi
852 1931 1007 1976 turpem
1035 1926 1179 1963 famam
1194 1940 1203 1973 3
1231 1927 1397 1963 hiemem

212 1995 252 2027 et
270 1995 456 2027 aestatem
472 1991 590 2039 juxta
608 1991 691 2039 pati
704 2004 714 2037 3
738 1991 848 2027 humi
866 1991 1104 2039 requiescere
1118 2004 1128 2038 3
1151 1990 1284 2027 eodem
1304 1994 1397 2026 tem-

212 2067 304 2104 pore
318 2055 488 2102 inopiam
508 2059 548 2091 et
571 2055 741 2091 laborem
762 2055 936 2091 tolerare.
997 2054 1074 2090 His
1094 2067 1163 2103 ego
1181 2054 1397 2103 praeceptis

212 2119 356 2155 milites
387 2119 594 2155 hortabor:
632 2132 757 2168 neque
790 2119 877 2154 illos
910 2122 1015 2154 arcte
1048 2119 1182 2164 colam,
1214 2131 1274 2154 me
1307 2131 1396 2166 opu-

213 2184 338 2220 lenter
349 2196 360 2230 3
388 2195 512 2231 neque
537 2183 699 2231 gloriam
724 2196 850 2219 meam
875 2183 1046 2219 laborem
1069 2182 1223 2218 illorum
1243 2182 1393 2218 faciam.
