1502 2449
450 127 582 166 SALL
592 127 742 165 USTJI
776 126 1054 166 C'ATILINA.
1297 127 1345 164 25

168 237 212 261 ac
231 224 305 260 sibi
324 223 568 261 consuluisse.
627 223 835 260 Praeterea
854 235 1016 272 quorum
1036 221 1198 258 victoria
1218 220 1347 258 Sullae

167 291 347 336 parentes
366 287 582 336 proscripti,
602 288 704 323 bona
724 291 865 336 erepta,
880 287 947 335 jus
962 285 1155 321 libertatis
1169 285 1348 321 imminu-

168 355 254 387 tum
277 354 369 395 erat,
398 350 502 386 haud
527 363 619 386 sane
641 350 716 387 alio
736 350 865 386 animo
884 349 978 385 belli
996 352 1180 385 eventum
1199 360 1348 396 exspec-

168 414 316 451 tabant.
374 414 442 449 Ad
478 413 560 460 hoc,
600 414 834 462 quicumque
872 412 1036 449 aliarum
1073 415 1191 460 atque
1223 411 1349 447 senati

132 474 137 481 '
169 478 339 526 partium
371 482 491 525 erant,
524 478 746 514 conturbari
774 477 1049 526 rempublicam
1076 489 1192 525 quam
1220 476 1349 511 minus

170 542 297 578 valere
325 542 399 591 ipsi
436 542 642 579 malebant.
699 542 748 579 Id
776 542 870 578 adeo
906 541 1051 577 malum
1087 540 1231 577 multos
1262 544 1350 588 post

169 618 291 642 annos
310 606 351 642 in
366 606 565 642 civitatem
583 610 808 643 reverterat.

249 669 501 706 XXXVIII.
559 669 662 706 Nam
690 674 894 718 postquam
923 668 990 706 Cn.
1021 668 1204 716 Pompeio
1228 672 1266 704 et
1292 667 1348 705 M.

172 732 308 769 Crasso
342 732 573 778 consulibus,
612 733 821 768 tribunicia
856 736 1025 781 potestas
1062 732 1244 767 restituta
1280 735 1350 776 est,

171 796 344 833 homines
356 797 623 843 adolescentes,
635 809 824 833 summam
837 800 1069 845 potestatem
1082 796 1196 841 nacti,
1212 795 1353 844 quibus

172 863 278 896 aetas
309 859 537 908 animusque
567 859 679 896 ferox
711 864 805 904 erat,
836 872 991 908 coepere
1024 863 1200 895 sena-tum
1231 859 1352 895 crimi-

172 923 300 959 nando
325 923 475 971 plebem
503 923 708 971 exagitare,
731 923 821 958 dein
846 922 1043 971 largiendo
1069 927 1185 971 atque
1210 922 1354 971 pollici-

173 986 291 1022 tando
311 985 432 1034 magis
451 986 654 1022 incendere
669 999 679 1033 3
710 987 765 1022 ita
780 987 854 1035 ipsi
874 987 967 1022 clari
986 989 1239 1036 potentesque
1258 986 1350 1022 fieri.

174 1048 320 1085 Contra
349 1061 412 1084 eos
441 1061 591 1085 summa
621 1062 691 1098 ope
720 1050 921 1086 nitebatur
949 1051 1131 1099 pleraque
1159 1049 1352 1094 nobilitas,

174 1112 299 1150 senati
335 1112 459 1161 specie
496 1126 566 1161 pro
596 1111 673 1149 'sua
716 1114 994 1162 magnitudine.
1066 1113 1257 1162 Namque,
1296 1113 1356 1149 uti

173 1177 305 1227 paucis
324 1177 530 1223 absolvam,
552 1191 620 1227 per
640 1179 707 1215 illa
732 1184 906 1228 tempora
925 1179 1158 1228 quicumque
1176 1179 1354 1227 rempub-

175 1243 289 1279 licam
307 1243 512 1291 agitavere,
534 1243 708 1280 honestis
727 1243 959 1289 nominibus,
980 1242 1058 1288 alii,
1087 1242 1201 1278 sicuti
1223 1241 1357 1291 populi

172 1307 262 1355 jura
286 1306 548 1353 defenderent,
575 1320 674 1356 pars,
701 1320 776 1357 quo
802 1307 927 1344 senati
952 1307 1161 1343 auctoritas
1188 1306 1357 1342 maxima

177 1369 288 1415 foret,
318 1369 464 1405 bonum
495 1370 694 1418 publicum
724 1370 961 1415 simulantes,
991 1382 1061 1418 pro
1093 1382 1163 1405 sua
1196 1368 1357 1418 quisque

177 1432 352 1482 potentia
388 1433 613 1470 certabant:
663 1446 788 1482 neque
824 1433 1023 1479 modestia,
1061 1444 1186 1480 neque
1222 1431 1358 1467 modus

177 1496 436 1533 contentionis
456 1500 564 1533 erat:
592 1497 748 1546 utrique
774 1496 977 1533 victoriam
1002 1495 1210 1532 crudeliter
1235 1507 1359 1531 excer-

178 1561 324 1598 cebant.

257 1625 465 1663 XXXIX.
524 1627 598 1663 Sed
627 1631 830 1676 postquam
860 1626 928 1664 Cn.
969 1626 1177 1674 Pompeius
1209 1625 1258 1661 ad
1285 1624 1361 1661 bel-

179 1689 260 1725 lum
279 1690 519 1726 maritimum
544 1695 661 1740 atque
686 1691 1000 1728 Mithridaticum
1026 1690 1166 1726 missus
1191 1692 1260 1733 est,
1281 1688 1358 1737 ple-

180 1753 240 1789 bis
272 1765 361 1802 opes
393 1754 632 1800 imminutae,
663 1768 873 1804 paucorum
905 1754 1082 1803 potentia
1112 1752 1243 1789 crevit.
1301 1751 1362 1787 Hi

181 1816 440 1865 magistratus,
475 1819 702 1867 provincias,
734 1819 886 1867 aliaque
924 1818 1054 1853 omnia
1086 1821 1240 1862 tenere,
1285 1814 1361 1863 ipsi

182 1880 343 1926 innoxii,
374 1880 563 1929 fiorentes,
592 1882 675 1918 sine
705 1886 813 1918 metu
846 1885 1012 1917 aetatem
1043 1893 1178 1928 agere,
1215 1884 1362 1915 ceteros

177 1944 335 1993 judiciis
367 1947 524 1991 terrere,
559 1959 635 1995 quo
668 1946 819 1994 plebem
847 1946 888 1981 in
916 1945 1147 1992 magistratu
1174 1943 1363 1992 placidius

183 2007 406 2045 tractarent.
465 2009 539 2045 Sed
577 2009 644 2045 ubi
680 2009 849 2058 primum
886 2008 1014 2044 dubiis
1046 2009 1161 2044 rebus
1193 2006 1362 2043 novandi

184 2084 268 2120 spes
287 2072 417 2108 oblata
436 2076 503 2118 est,
520 2076 633 2109 vetus
652 2077 845 2109 certamen
870 2072 1018 2108 animos
1044 2085 1175 2108 eorum
1203 2070 1360 2107 arrexit.

185 2135 331 2180 Quodsi
349 2136 474 2185 primo
493 2136 637 2185 proelio
653 2136 823 2173 Catilina
837 2136 1009 2184 superior
1024 2139 1092 2172 aut
1106 2148 1228 2184 aequa
1245 2147 1363 2170 manu

185 2199 429 2247 discessisset,
467 2200 639 2249 profecto
676 2213 814 2248 magna
852 2200 976 2236 clades
1013 2203 1129 2248 atque
1166 2198 1364 2235 calamitas
