1543 2449
194 99 242 136 56
467 98 765 138 SALLUSTIJ
797 98 1105 140 JUGURTHA.

192 198 329 222 varum
361 198 504 232 rerum,
533 185 657 235 quieti
685 188 725 221 et
752 184 832 221 otio
859 184 1075 221 adversum.
1133 183 1249 231 Dein,
1278 196 1377 220 eom-

191 250 329 298 positis
361 250 465 287 inter
493 262 534 287 se
566 250 692 295 rebus,
722 249 764 285 in
793 249 896 285 diem
928 249 1089 290 tertium
1118 248 1376 294 constituunt,

192 314 296 364 quod
323 315 357 351 is
378 315 503 351 festus
530 314 823 362 celebratusque
847 326 917 362 per
941 325 1093 349 omnem
1118 312 1298 349 Africam
1322 312 1379 349 lu-

192 379 285 416 dum
304 382 345 416 et
363 378 563 415 lasciviam
585 377 708 426 magis
731 390 847 426 quam
873 376 1121 413 formidinem
1143 376 1373 414 ostentabat.

192 443 280 489 Sed,
294 443 362 479 ubi
373 446 528 491 tempus
542 441 632 488 fuit,
649 441 895 478 centuriones
909 441 1163 489 tribunosque
1176 441 1376 486 militares,

191 511 232 544 et
262 507 390 556 ipsum
420 505 661 554 praefectum
694 505 828 554 oppidi
860 504 900 541 T.
936 504 1156 553 Turpilium
1189 504 1376 550 Silanum,

191 570 291 606 alius
314 569 435 605 alium
463 569 597 605 domos
625 581 715 605 suas
742 568 917 604 invitant
930 581 940 615 3
968 580 1032 604 eos
1060 580 1204 614 omnes,
1224 572 1379 617 praeter

190 633 422 682 Turpilium,
453 634 557 670 inter
589 633 724 682 epulas
761 633 999 668 obtruncant
1011 645 1022 679 3
1063 636 1197 681 postea
1233 632 1377 669 milites

190 699 379 748 palantes,
399 698 579 743 inermes,
599 697 743 746 quippe
765 696 808 732 in
830 695 902 732 tali
929 695 992 731 die
1020 708 1064 731 ac
1092 695 1175 732 sine
1203 696 1376 744 imperio,

190 764 481 813 aggrediuntur.
540 763 652 800 Idem
681 763 812 812 plebes
840 762 948 808 facit,
973 775 1062 811 pars
1088 761 1215 803 edocti
1239 761 1288 797 ab
1313 773 1378 798 no-

189 830 355 875 bilitate,
385 829 453 865 alii
481 828 611 865 studio
638 828 777 864 talium
805 840 935 864 rerum
964 826 1130 872 incitati,
1157 825 1265 874 queis
1292 830 1380 862 acta

191 894 471 943 consiliumque
496 893 767 942 ignorantibus
795 893 989 929 tumultus
1011 891 1093 941 ipse
1118 895 1159 927 et
1176 903 1237 927 res
1256 903 1379 928 novae

190 959 286 996 satis
311 959 526 1008 placebant.

269 1023 448 1061 LXVII.
508 1022 679 1060 Romani
705 1022 862 1068 milites,
882 1021 1093 1070 improviso
1111 1024 1220 1057 metu
1239 1020 1379 1057 incerti

189 1089 392 1138 ignarique
430 1088 524 1137 quid
561 1087 807 1136 potissimum
844 1087 1031 1132 facerent,
1070 1086 1266 1135 trepidare
1280 1099 1290 1133 3
1331 1085 1379 1121 ad

190 1165 317 1190 arcem
354 1152 498 1202 oppidi,
532 1152 600 1188 ubi
631 1152 741 1200 signa
773 1155 814 1188 et
842 1155 952 1187 scuta
985 1155 1108 1196 erant,
1142 1150 1378 1199 praesidium

189 1216 360 1253 hostium
374 1230 383 1263 3
412 1219 547 1264 portae
572 1218 663 1251 ante
690 1215 842 1251 clausae
865 1215 997 1263 fugam
1017 1214 1278 1263 prohibebant
1289 1227 1299 1261 3
1329 1213 1377 1250 ad
1401 1211 1405 1215 ’

189 1280 262 1317 hoc
286 1280 468 1316 mulieres
495 1278 684 1328 puerique
712 1291 782 1327 pro
810 1279 924 1314 tectis
944 1278 1207 1314 aedificiorum
1228 1290 1323 1314 saxa
1342 1281 1380 1313 et

191 1346 280 1392 alia,
300 1357 399 1394 quae
426 1345 532 1381 locus
560 1344 782 1392 praebebat,
804 1343 982 1378 certatim
1007 1343 1173 1378 mittere.
1232 1341 1298 1378 Ita
1320 1354 1382 1378 ne-

191 1423 267 1460 que
287 1409 416 1446 caveri
436 1421 577 1457 anceps
596 1408 755 1453 malum,
776 1419 901 1455 neque
921 1420 944 1443 a
962 1406 1186 1443 fortissimis
1205 1406 1382 1442 infirmis-

191 1476 288 1512 simo
308 1475 442 1524 generi
461 1474 591 1511 resisti
611 1485 722 1522 posse
737 1485 748 1518 3
773 1472 892 1520 juxta
916 1471 1009 1508 boni
1028 1472 1210 1520 malique,
1231 1471 1382 1508 strenui

190 1544 231 1577 et
248 1540 435 1586 imbelles,
456 1539 576 1575 inulti
595 1537 831 1574 obtruncati.
891 1537 943 1573 In
962 1550 1008 1573 ea
1026 1540 1140 1573 tanta
1158 1537 1380 1586 asperitate,

195 1604 430 1642 saevissimis
449 1603 635 1640 Numidis
660 1606 700 1639 et
722 1602 863 1651 oppido
892 1601 1064 1650 undique
1087 1602 1228 1647 clauso,
1249 1602 1384 1651 Turpi-

192 1669 270 1705 lius
297 1668 518 1718 praefectus
543 1680 645 1704 unus
672 1680 721 1704 ex
747 1666 926 1703 omnibus
955 1666 1105 1702 Italicis
1129 1666 1305 1715 profugit
1326 1667 1384 1702 in-

191 1736 331 1770 tactus
391 1732 441 1769 Id
468 1731 783 1768 misericordiane
815 1730 991 1779 hospitis,
1020 1744 1072 1767 an
1107 1731 1287 1780 pactione
1314 1736 1384 1768 aut

192 1810 284 1834 casu
311 1797 368 1834 ita
398 1796 585 1842 evenerit,
612 1809 750 1845 parum
780 1795 1060 1844 comperimus3
1089 1795 1176 1841 nisi,
1204 1796 1296 1845 quia
1323 1796 1382 1832 illi

191 1862 235 1898 in
261 1866 373 1898 tanto
398 1862 501 1898 malo
525 1861 652 1910 turpis
671 1861 755 1897 vita
777 1860 884 1897 fama
908 1860 1061 1909 integra
1079 1860 1220 1909 potior,
1240 1860 1381 1910 impro-

193 1925 266 1962 bus
285 1925 597 1973 intestabilisque
616 1923 782 1961 videtur.

275 1987 480 2027 LXVIII.
524 1987 712 2024 Metellus
726 1991 933 2037 postquam
946 1987 993 2025 de
1005 1988 1121 2024 rebus
1136 1987 1271 2036 Vagae
1285 1988 1382 2024 actis

194 2052 393 2101 comperit,
409 2052 622 2101 paullisper
639 2055 811 2089 moestus
830 2065 851 2088 e
867 2055 1076 2101 conspectu
1095 2051 1201 2099 abit3
1229 2052 1380 2097 deinde,

196 2116 263 2153 ubi
281 2116 340 2153 ira
358 2119 398 2152 et
415 2116 618 2164 aegritudo
638 2116 833 2165 permixta
861 2120 965 2163 sunt,
987 2129 1074 2153 cum
1094 2117 1265 2153 maxima
1290 2130 1383 2153 cura

196 2181 322 2219 ultum
341 2180 397 2217 ire
417 2180 579 2229 injurias
595 2180 766 2218 festinat,
825 2180 1047 2230 Legionem,
1064 2194 1151 2218 cum
1171 2194 1247 2230 qua
1265 2180 1383 2219 hiem-
