1543 2449
219 71 291 108 142
488 71 623 109 SALL
633 71 785 109 USTII
817 71 1122 109 JUGURTHA.

638 217 846 249 CHAPTER
867 218 955 249 LIV.

279 288 308 318 1.
352 289 392 318 In
417 288 588 326 contione]
634 290 652 304 ‘⁴
665 287 706 317 In
731 297 750 317 a
776 287 886 326 public
913 286 1113 326 assembly‚''
1138 290 1210 316 “on
1233 284 1390 325 parade,”

214 329 300 360 from
323 329 380 360 the
409 329 486 360 verb
509 331 672 361 convenio.
717 329 831 360 Hence
855 330 909 369 fig.
933 330 991 360 the
1014 328 1133 369 speech
1157 328 1333 359 addressed
1357 330 1391 359 to

214 382 258 402 an
275 372 451 411 assembly.

278 438 308 466 2.
352 439 483 467 Laudat
509 439 615 473 atque
641 439 717 474 agit
742 437 890 475 gratias]
937 436 1013 467 Scil.
1045 437 1097 466 iis.
1143 435 1258 474 Comp.
1291 435 1391 465 Catil.

215 479 265 515 13,
297 478 419 517 quippe
446 488 528 517 quas
558 479 697 521 honeste
727 478 848 509 habere
877 478 1006 516 licebat,
1035 477 1129 509 abuti
1160 480 1215 516 (sc.
1251 477 1305 516 iis)
1335 486 1392 516 per

214 520 457 559 turpitudinem
481 521 690 560 properabat.
737 520 804 552 Cic.
829 522 872 552 ad
896 523 974 552 Diu.
1005 520 1073 552 xiii.
1098 522 1127 559 4,
1158 520 1221 552 Sed
1245 519 1328 550 haec
1354 528 1391 549 eo

214 566 365 602 spectant
382 565 419 594 ut
435 565 466 594 te
480 562 595 594 horter
610 566 643 594 et
659 563 818 595 suadeam
834 564 892 605 (sc.
909 563 994 605 tibi).

235 628 308 699 fbss.
327 630 414 699 tPro
437 628 579 666 praeda]
602 627 655 658 i.e.
679 628 723 657 ad
741 628 900 666 praeda-m
916 627 1116 666 faciendam,
1136 627 1216 657 “for
1238 626 1294 658 the
1315 626 1393 658 sake

214 678 233 699 o
285 679 324 700 oo
341 670 397 709 y.'‘

277 734 308 764 4.
354 735 516 774 cogebat]
562 733 854 773 “Waslevyingff'

277 798 307 829 5.
352 801 515 830 Hebetem
529 799 784 837 infimumque]
822 801 841 815 “
853 797 947 828 Rude
963 797 1030 828 and
1046 796 1182 828 feeble.”
1215 797 1321 828 Hebes
1339 796 1393 835 fig.

214 841 250 871 of
271 840 409 872 soldiers
430 841 618 876 untrained,
636 851 673 872 or
696 842 775 871 slow
794 840 861 871 and
879 839 992 879 stupid
1013 840 1099 870 from
1114 842 1204 870 want
1220 839 1255 870 of
1275 848 1394 879 proper

213 884 364 923 military
381 883 487 924 spirit.
533 883 637 914 Tacit.
654 885 744 914 Hist.
761 882 795 914 ii.
812 884 862 919 99,
880 882 979 913 hebes
995 882 1037 913 ad
1054 882 1288 913 sustinendum
1304 881 1392 912 labo-

214 937 284 957 rem
299 927 403 959 miles.
454 927 497 958 So
514 926 549 957 in
566 926 673 957 Greek
689 927 882 966 ἀμβλύτερος
898 928 972 965 πρὸς
988 925 1045 963 τήν
1062 927 1179 964 μάχην.
1223 923 1392 960 Plutarch,

218 971 283 1000 I'it.
307 971 410 1001 Alcib.
456 969 581 1005 Celsus,
606 970 644 999 de
667 970 837 1006 medicina,
857 968 879 999 i.
903 969 930 1002 1,
947 967 1086 1007 Ignavia
1108 977 1227 1006 corpus
1249 967 1393 1002 hebetat,

213 1012 307 1043 labor
336 1012 460 1043 firmat.
507 1011 601 1048 ovid,
626 1013 758 1043 Metam.
786 1011 855 1041 xiii.
880 1012 963 1042 135:

365 1071 436 1095 Huic
452 1070 532 1094 modo
548 1077 581 1094 ne
597 1070 681 1101 prosit
697 1069 777 1100 quod,
794 1071 825 1094 ut
842 1071 889 1099 est,
906 1069 987 1094 hebes
1004 1076 1061 1094 esse
1077 1069 1188 1093 videtur.

277 1123 306 1155 6.
354 1126 400 1154 Ea
414 1124 545 1162 gratia]
592 1126 609 1139 “
624 1123 675 1153 On
691 1122 766 1153 that
782 1122 959 1161 account‚⁷’
977 1122 1027 1152 for
1042 1123 1109 1161 ejas
1126 1123 1175 1152 rei
1192 1122 1312 1160 aratia.

279 1189 308 1220 7.
353 1190 400 1218 Ex
431 1187 528 1226 fuga]
583 1190 602 1203 “
615 1186 656 1217 In
686 1185 739 1216 his
766 1185 895 1224 flight,'’
929 1186 1057 1215 “When
1087 1184 1226 1224 flying.”
1275 1184 1390 1223 Comp.*

212 1232 239 1262 J
241 1240 331 1270 ayma
347 1230 399 1268 56,
418 1229 438 1259 J
441 1229 585 1267 ugurtha
606 1228 776 1267 cognoscit
790 1228 936 1258 Marium
952 1237 990 1258 ex
1006 1227 1123 1258 itinere
1139 1227 1392 1257 frumentatum.

217 1275 317 1304 Catil.
348 1273 399 1309 34,
431 1271 577 1303 Catilina
606 1281 644 1302 ex
673 1271 965 1302 itinere...litteras
993 1269 1110 1300 mittit.
1154 1269 1226 1300 Liv.
1256 1278 1331 1300 xxx.
1364 1271 1392 1304 7,

213 1315 407 1347 Hasdrubal
444 1324 483 1345 ex
515 1313 752 1353 fuga...urbem
786 1313 974 1353 proximam
1004 1313 1162 1352 petierat:
1200 1311 1308 1342 where
1337 1311 1395 1341 the

213 1358 325 1390 action
347 1357 504 1397 proceeds
533 1362 587 1388 out
613 1358 650 1397 of
672 1357 729 1386 the
748 1356 863 1396 fiying,
890 1355 1072 1394 marching,
1101 1356 1156 1386 dcc.
1205 1354 1238 1384 If
1259 1354 1286 1384 it
1311 1363 1394 1384 were

215 1401 287 1432 said
311 1401 386 1431 that
405 1400 569 1440 anything
588 1399 763 1439 happened
782 1402 816 1430 to
832 1409 852 1429 a
868 1408 989 1437 person
1005 1400 1041 1429 in
1060 1397 1114 1428 his
1136 1396 1243 1436 ssight,
1260 1406 1320 1435 e.g.
1337 1396 1394 1427 the

213 1454 332 1483 enemy
356 1443 512 1475 overtook
540 1442 613 1473 him
636 1442 733 1473 while
761 1442 890 1480 fleeing,
918 1441 945 1472 it
970 1440 1080 1472 would
1103 1440 1143 1471 be
1172 1441 1209 1470 in
1231 1441 1327 1480 faya,
1358 1440 1394 1469 in

213 1489 342 1518 itinere.

277 1553 308 1583 8.
352 1552 538 1588 Flagitium
552 1549 714 1588 miiitiae]
762 1550 784 1564 “
793 1548 823 1578 A
837 1547 988 1587 military
1002 1546 1138 1579 crime.⁷’

252 1620 256 1623 '
278 1617 308 1647 9.
354 1615 528 1663 iniquum]
574 1617 593 1630 ‘⁸
607 1612 796 1652 Unequal.⁷’
842 1611 931 1651 Virg.
951 1612 1030 1642 Aen.
1051 1620 1081 1643 x.
1101 1611 1173 1647 839,
1190 1618 1303 1650 pugna
1317 1618 1391 1640 con-

214 1668 345 1698 gressus
361 1667 486 1696 iniqua.

278 1724 330 1754 10.
374 1722 524 1761 Temere]
570 1720 647 1753 Seii.
666 1719 904 1760 “irregularly‚
920 1717 1183 1758 insufficientlyss

279 1789 329 1818 11.
375 1791 451 1819 Sine
475 1787 661 1825 praesidio]
707 1790 727 1803 ‘⁴
742 1784 995 1816 Undefended.’⁷
1041 1783 1158 1823 Comp.
1189 1783 1305 1821 ἆιιῃιιν.
1341 1780 1391 1817 66,

214 1831 338 1862 milites
354 1831 507 1870 palantes
523 1832 555 1860 et
571 1829 643 1860 sine
658 1829 798 1868 imperio
814 1826 1060 1867 aggrediuntur.

215 1943 240 1972 A
280 1896 630 1971 12‘·''E'³7³⁴0{.⁰rmfflme]
676 1894 752 1927 Scil.
774 1895 840 1934 ejus
858 1895 906 1925 rei
923 1894 1114 1934 formidine.
1160 1891 1276 1930 Comp.
1301 1889 1391 1930 Virg.

245 1951 293 1971 en.
310 1949 377 1971 vm.
467 1948 473 1970 :

444 1998 539 2022 Actius
555 1998 621 2022 haec
637 2003 747 2021 corneus
763 2003 856 2021 arcum
873 1995 1027 2020 intendebat
1043 1994 1143 2024 Apollo

444 2029 580 2058 Desuper;
597 2029 682 2052 omnis
699 2036 729 2051 eo
745 2030 847 2051 terrore
864 2026 996 2056 Aegyptus
1012 2027 1038 2049 et
1055 2025 1122 2053 Indi,

443 2060 537 2083 Omnis
554 2059 651 2089 Aram,
669 2065 760 2083 omnes
777 2057 917 2082 vertebant
933 2059 1007 2086 terga
1023 2055 1124 2079 Sabaei.

279 2113 320 2144 In
336 2112 393 2143 the
410 2122 500 2143 same
516 2121 587 2152 way
604 2122 663 2151 quo
680 2111 731 2143 for
746 2112 837 2151 cujas
854 2111 913 2141 rei.
961 2110 1061 2140 Catil.
1079 2108 1130 2147 43,
1149 2116 1215 2147 quo
1230 2105 1390 2138 tumultu.

214 2158 331 2196 Juyur.
351 2156 420 2193 104,
438 2166 502 2194 quo
519 2158 620 2186 metu.
