1543 2449
187 115 237 152 54
464 113 762 153 SALLUSTII
793 111 1100 150 JUGURTHA.

188 213 290 247 nere,
321 203 406 237 “ne
434 203 515 237 tam
544 213 665 248 prava
692 199 893 247 inciperet,
921 211 999 234 neu
1027 210 1143 246 super
1169 195 1368 233 fortunam

189 265 360 301 animum
379 268 557 313 gereret3
584 276 663 300 non
691 263 820 299 omnia
845 263 1024 299 omnibus
1046 261 1238 310 cupienda
1265 273 1347 296 essc
1361 273 1370 306 3

187 329 326 366 debere
344 329 403 365 illi
421 341 482 365 res
502 341 589 364 suas
609 327 703 363 satis
728 327 902 376 placere;
929 330 1123 375 postremo
1149 328 1304 361 caveret
1330 323 1370 360 id

188 396 318 441 petere
347 406 371 429 a
398 392 542 441 populo
573 391 762 436 Romano,
793 390 896 439 quod
925 390 984 426 illi
1011 390 1100 437 jure
1129 387 1370 437 negaretur.’'

188 457 399 505 Postquam
429 456 523 492 haec
552 459 668 504 atque
697 456 773 491 alia
800 455 896 491 talia
923 454 1037 500 dixit,
1066 466 1190 502 neque
1219 453 1372 489 animus

188 520 308 556 Marii
326 520 509 565 flectitur,
529 519 740 568 respondit,
764 523 785 539 ‘⁴
799 519 866 555 ubi
893 519 1062 568 primum
1087 517 1279 566 potuisset
1303 529 1372 565 per

187 584 343 633 negotia
377 584 545 633 publica,
583 584 779 620 facturum
818 596 898 619 sese
936 595 1034 631 quae
1070 580 1254 630 peteret.''
1309 580 1371 616 Ac

186 651 322 696 postea
351 647 504 696 saepius
536 648 670 684 eadem
700 647 915 696 postulanti
945 647 1071 683 fertur
1098 645 1254 690 dixisse,
1285 647 1371 680 “ne

187 711 393 748 festinaret
411 712 517 748 abire
533 725 540 748 :
570 712 664 754 satis
683 715 834 747 mature
862 711 973 747 illum
993 723 1080 746 cum
1099 709 1179 745 filio
1199 722 1268 745 suo
1288 721 1372 744 con-

188 775 357 811 sulatum
371 775 622 824 petiturum.''

678 775 719 812 Is
735 788 778 811 eo
793 779 966 823 tempore
981 773 1234 811 contubernio
1249 773 1373 822 patris

188 839 331 875 ibidem
351 840 559 885 militabat,
581 853 702 876 annos
727 843 844 876 natus
871 839 1025 876 circiter
1051 849 1114 875 xx.
1174 838 1283 882 Quae
1310 850 1373 873 res

190 903 374 949 Marium,
406 917 526 952 quum
562 916 632 953 pro
668 904 824 949 honore,
862 917 976 952 quem
1014 903 1248 948 adfectabat,
1287 906 1372 938 tum

189 971 324 1004 contra
337 968 554 1014 Metellum,
568 969 818 1005 vehementer
830 968 1066 1004 accenderat.
1114 967 1179 1003 Ita
1191 966 1373 1015 cupidine

188 1036 305 1081 atque
324 1033 393 1078 ira,
409 1033 585 1082 pessimis
601 1033 896 1078 consultoribus,
913 1032 1079 1081 grassari
1093 1045 1102 1078 3
1130 1044 1256 1079 neque
1268 1022 1380 1066 facto

189 1097 268 1133 ullo
305 1110 430 1146 neque
466 1096 571 1133 dicto
607 1097 813 1142 abstinere,
847 1096 948 1145 quod
978 1095 1092 1132 modo
1124 1094 1372 1131 ambitiosum

189 1162 312 1208 foret3
340 1162 497 1207 milites,
517 1162 658 1210 quibus
677 1162 719 1197 in
736 1161 909 1197 hibernis
928 1163 1116 1209 praeerat,
1138 1159 1285 1195 laxiore
1305 1158 1373 1194 im-

189 1226 308 1274 perio,
329 1239 445 1275 quam
465 1229 581 1262 antea
598 1225 739 1261 habere
754 1238 763 1271 3
792 1225 895 1273 apud
915 1224 1185 1272 negotiatores,
1208 1235 1371 1272 quorum
1401 1210 1405 1214 ,

188 1302 329 1337 magna
347 1289 559 1325 multitudo
579 1289 722 1326 Uticae
741 1294 835 1333 erat,
857 1289 1059 1324 criminose
1079 1288 1195 1324 simul
1214 1291 1254 1323 et
1271 1299 1369 1335 mag-

190 1354 304 1390 nifice
323 1353 370 1390 de
388 1353 491 1390 bello
509 1353 615 1402 loqui
630 1367 636 1389 :
668 1353 865 1389 “dimidia
883 1366 972 1401 pars
987 1352 1180 1388 exercitus
1200 1352 1273 1387 sibi
1291 1364 1373 1400 per-

189 1417 423 1463 mitteretur,
444 1416 577 1466 paucis
596 1417 732 1453 diebus
759 1416 998 1465 Jugurtham
1027 1416 1068 1452 in
1094 1415 1241 1451 catenis
1268 1415 1375 1451 habi-

190 1486 322 1517 turum
337 1495 347 1528 ς
376 1482 424 1518 ab
436 1474 860 1530 imperatore'consulto
872 1480 988 1526 trahi,
1002 1480 1104 1529 quod
1119 1479 1233 1516 homo
1246 1479 1374 1516 inanis

190 1549 231 1581 et
257 1546 386 1594 regiae
415 1545 616 1594 superbiae
648 1544 810 1593 imperio
840 1544 956 1580 nimis
988 1543 1209 1592 gauderet.''
1265 1543 1373 1587 Quae

190 1610 320 1645 omnia
342 1609 419 1645 illis
445 1622 489 1646 eo
513 1609 685 1645 firmiora
710 1609 955 1654 videbantur,
983 1607 1086 1656 quod
1111 1607 1374 1643 diuturnitate

190 1674 282 1710 belli
300 1687 362 1710 res
380 1673 592 1710 familiares
611 1676 874 1722 corruperant,
892 1676 931 1709 et
943 1672 1072 1708 animo
1087 1671 1261 1720 cupienti
1274 1671 1373 1707 nihil

190 1738 283 1773 satis
302 1737 521 1773 festinatur.

267 1801 396 1838 LXV.
455 1801 555 1838 Erat
572 1805 772 1850 practerea
791 1801 832 1837 in
852 1800 1027 1837 exercitu
1046 1803 1179 1836 nostro
1198 1799 1374 1835 Numida

189 1866 358 1914 quidam,
374 1866 530 1902 nomine
546 1865 696 1911 Gauda,
713 1865 996 1902 Mastanabalis
1010 1864 1124 1909 filius,
1141 1863 1373 1900 Masinissae

189 1943 318 1979 nepos,
348 1943 462 1979 quem
491 1930 660 1979 Micipsa
687 1933 921 1966 testamento
950 1928 1161 1965 secundum
1191 1927 1372 1964 heredem

189 1995 406 2042 scripserat,
425 1995 570 2031 morbis
589 1994 788 2031 confectus
808 1997 848 2030 et
872 1994 920 2030 ob
939 2006 1023 2029 eam
1050 2005 1223 2028 caussam
1242 1995 1372 2028 mente

189 2059 362 2107 paullum
395 2058 612 2095 imminuta.
671 2058 745 2095 Cui
777 2057 964 2094 Metellus
992 2056 1144 2105 petenti
1180 2068 1286 2091 more
1317 2068 1373 2091 re-

188 2136 279 2171 gum
307 2123 368 2159 uti
395 2123 528 2159 sellam
552 2123 671 2171 juxta
698 2125 870 2171 poneret,
891 2121 985 2158 item
1013 2124 1147 2170 postea
1175 2119 1371 2156 custodiae

188 2200 323 2224 caussa
341 2191 509 2224 turmam
530 2187 704 2236 equitum
729 2187 1007 2231 Romanorum,
1029 2188 1238 2233 utrumque
1261 2195 1372 2233 nega
