1543 2449
402 122 700 161 SALLUSTH
730 121 1039 160 JUGURTHA.
1259 121 1308 159 57

129 209 232 255 abat,
252 212 292 245 et
310 221 425 257 quam
450 208 637 257 plurimos
661 211 790 257 potest
816 207 1010 245 Numidas
1037 206 1187 256 equites
1210 206 1309 255 pari-

129 278 190 310 ter
217 285 304 309 cum
332 285 469 309 occasu
494 273 585 309 solis
612 273 813 321 expeditos
839 272 982 318 educit,
1006 275 1047 309 et
1070 275 1225 320 postera
1247 270 1309 307 die

129 335 283 372 circiter
301 335 435 372 horam
454 336 611 372 tertiam
623 336 803 384 pervenit
816 335 858 371 in
872 335 1078 384 quamdam
1092 334 1308 384 planitiem,

129 400 221 437 locis
253 400 384 449 paullo
413 400 675 449 superioribus
703 400 1016 437 circumventam.
1075 400 1139 436 Ibi
1165 399 1309 435 milites

129 463 249 500 fessos
280 464 432 500 itineris
461 463 729 512 magnitudine
761 467 802 500 et
828 464 909 511 jam
939 464 1153 503 abnuentes
1180 461 1310 498 omnia

113 519 252 574 docet,
276 528 496 577 “oppidum
516 528 668 576 Vagam
697 540 775 564 non
800 528 966 576 amplius
993 528 1099 564 mille
1125 539 1309 576 passuum

129 593 260 629 abesse
268 605 278 639 3
298 592 431 628 decere
446 592 532 628 illos
547 592 739 640 reliquum
754 591 923 627 laborem
938 603 1060 639 aequo
1074 591 1203 626 animo
1214 589 1309 638 pati,

129 657 222 694 dum
237 670 306 706 pro
322 658 472 693 civibus
488 657 579 702 suis,
595 657 690 692 viris
705 656 927 692 fortissimis
941 660 1058 704 atque
1072 655 1309 699 miserrimis,

128 734 271 770 poenas
300 721 531 770 caperent:''
564 725 764 769 praeterea
788 720 970 768 praedam
996 720 1161 768 benigne
1187 723 1311 755 osten-

130 789 199 821 tat.
258 785 321 821 Sic
340 785 480 821 animis
499 797 631 821 eorum
651 784 822 829 arrectis,
843 783 992 832 equites
1011 783 1053 820 in
1071 783 1195 832 primo
1218 783 1309 829 late,

129 847 279 897 pedites
299 861 415 896 quam
434 847 647 883 arctissime
666 847 722 889 ire
742 850 782 883 et
801 847 911 894 signa
929 846 1122 883 occultare
1137 846 1262 894 jubet.

209 911 363 948 LXIX.
439 911 639 959 Vagenses
667 911 735 946 ubi
762 911 935 946 animum
963 910 1166 947 advertere
1193 911 1242 948 ad
1269 924 1310 948 se

131 987 284 1011 versum
322 974 535 1010 exercitum
563 985 734 1021 pergere,
762 972 899 1021 primo,
928 973 989 1008 uti
1016 976 1101 1009 erat
1127 986 1200 1018 res,
1229 973 1311 1010 Me-

130 1037 267 1073 tellum
294 1037 382 1082 rati,
411 1040 542 1085 portas
571 1036 741 1071 clausere
754 1049 764 1082 3
793 1035 943 1081 deinde,
964 1036 1032 1071 ubi
1056 1049 1180 1085 neque
1199 1049 1310 1085 agros

131 1102 287 1148 vastari,
317 1105 357 1138 et
384 1113 459 1146 eos,
489 1100 556 1149 qui
582 1100 698 1149 primi
730 1099 907 1146 aderant,
941 1100 1135 1139 Numidas
1162 1101 1311 1150 equites

130 1167 277 1212 vident,
321 1178 476 1202 rursum
516 1164 755 1213 ,Iugurtham
799 1165 991 1210 arbitrati,
1036 1177 1123 1201 cum
1172 1178 1311 1214 magno

129 1231 271 1280 gaudio
291 1230 395 1267 obvii
422 1229 646 1278 procedunt.
705 1229 869 1277 Equites
896 1229 1132 1278 peditesque,
1152 1234 1311 1278 repente

130 1297 240 1345 signo
259 1297 362 1342 dato,
376 1296 444 1332 alii
457 1295 617 1344 vulgum
633 1295 797 1332 effusum
812 1295 953 1344 oppido
969 1296 1125 1332 caedere
1138 1309 1148 1343 3
1177 1296 1244 1332 alii
1256 1297 1311 1334 vad

130 1365 262 1411 portas
281 1361 467 1397 festinare
480 1373 490 1406 3
518 1372 607 1409 pars
622 1363 749 1396 turres
762 1372 897 1408 capere
906 1373 915 1405 3
943 1360 1002 1396 ira
1016 1364 1133 1408 atque
1148 1361 1312 1409 praedae

132 1438 218 1474 spes
250 1424 428 1473 amplius,
461 1436 576 1472 quam
606 1424 806 1469 lassitudo,
837 1436 957 1472 posse.
1016 1423 1082 1461 Ita
1113 1424 1314 1472 Vagenses

132 1487 294 1523 biduum
322 1486 435 1522 modo
464 1499 513 1522 ex
549 1486 712 1535 perfidia
740 1486 899 1523 laetati:
940 1487 1079 1524 civitas
1106 1500 1247 1536 magna
1274 1494 1315 1525 et

132 1551 293 1599 opulens
322 1562 467 1598 poenae
500 1554 640 1586 cuncta
671 1554 742 1586 aut
767 1550 933 1599 praedae
958 1551 1045 1587 fuit.
1103 1551 1312 1600 Turpilius,

132 1627 246 1663 quem
265 1613 505 1663 praefectum
524 1614 657 1662 oppidi
675 1627 796 1650 unum
825 1627 874 1650 ex
902 1615 1080 1651 omnibus
1098 1615 1313 1663 profugisse

132 1690 250 1726 supra
286 1676 536 1722 ostendimus,
566 1677 699 1724 jussus
726 1690 750 1713 a
777 1676 942 1713 Metello
970 1690 1145 1713 caussam
1172 1676 1312 1723 dicere,

133 1745 336 1789 postquam
356 1753 436 1776 sese
455 1753 592 1789 parum
620 1744 822 1789 expurgat,
843 1740 1121 1777 condemnatus
1140 1742 1314 1778 verbera-

133 1812 273 1854 tusque
293 1805 418 1854 capite
436 1818 579 1854 poenas
594 1806 728 1842 solvit:
748 1819 838 1841 nam
854 1806 886 1841 is
902 1805 997 1841 civis
1017 1818 1066 1841 ex
1084 1805 1198 1842 Latio
1217 1811 1309 1843 erat.

212 1867 341 1904 LXX.
399 1866 476 1903 Per
493 1867 597 1903 idem
616 1871 769 1916 tempus
789 1868 995 1913 Bomilcar,
1016 1868 1126 1916 cujus
1144 1868 1314 1918 impulsu

133 1933 160 1970 J
164 1931 335 1981 ugurtha
353 1931 601 1977 deditionem,
623 1944 738 1981 quam
766 1936 874 1968 metu
902 1932 1084 1977 deseruit,
1103 1932 1312 1982 inceperat,

133 2000 335 2044 suspectus
347 1995 440 2043 regi,
457 1999 497 2031 et
510 1995 591 2044 ipse
606 2008 693 2031 eum
710 1996 933 2045 suspiciens,
947 2009 1067 2032 novas
1081 2009 1141 2032 res
1157 2010 1295 2046 cupere
1304 2013 1313 2044 3

133 2059 182 2096 ad
201 2059 411 2108 perniciem
431 2059 514 2107 ejus
533 2059 663 2096 dolum
684 2072 890 2108 quaerere3
918 2060 987 2096 diu
1014 2064 1208 2109 noctuque
1227 2061 1315 2098 fati-

132 2136 222 2173 gare
242 2123 424 2159 animum.
483 2122 674 2172 Denique,
695 2124 825 2160 omnia
851 2123 1051 2169 tentando,
1072 2124 1217 2162 socium
1240 2126 1313 2162 sibi

134 2187 313 2239 adjungit
344 2187 595 2234 Nabdalsam,
625 2187 819 2225 hominem
851 2188 1031 2234 nobilem,
1060 2188 1209 2238 magnis
1237 2189 1314 2239 opi-
