1543 2449
397 123 690 161 SALLUSTII
724 122 1030 161 JUGURTHA.
1253 122 1300 158 33

130 210 235 259 rupti
254 209 395 245 montis
408 212 592 254 extremo,
604 209 786 258 planities
801 209 936 244 limosa
949 207 1179 243 hiemalibus
1194 206 1303 254 aquis

129 274 308 323 paludem
344 271 517 322 fecerat)
555 276 687 309 tamen
723 276 792 308 aut
821 271 1028 308 simulandi
1060 269 1196 318 gratia,
1228 282 1302 318 quo

129 338 208 386 regi
233 337 477 373 formidinem
501 336 671 382 adderet,
692 340 761 372 aut
789 335 968 384 cupidine
994 347 1128 370 caecus
1156 334 1204 369 ob
1223 332 1303 369 the-

129 414 260 437 sauros
288 400 419 448 oppidi
447 400 637 448 potiundi,
658 400 791 436 vincas
819 412 942 447 agere,
962 411 1137 446 aggerem
1161 397 1300 445 jacere,

126 464 289 512 aliaque,
310 476 406 511 quae
426 463 578 511 incepto
599 463 685 498 usui
711 463 849 507 forent,
870 474 1083 510 properare.

204 527 455 563 XXXVIII.
514 527 574 562 At
597 527 624 563 J
629 527 795 575 ugurtha
821 526 974 574 cognita
992 525 1166 561 vanitate
1185 529 1301 573 atque

127 591 321 640 imperitia
347 591 464 638 legati
492 591 675 626 subdolus
703 591 785 638 ejus
811 603 950 638 augere
973 589 1194 635 amentiam,
1215 589 1304 624 mis-

126 656 242 692 sitare
262 655 521 704 supplicantes
540 655 684 703 legatos
694 668 704 701 3
723 655 815 703 ipse,
836 654 945 703 quasi
965 653 1213 698 vitabundus,
1233 666 1302 701 per

125 720 294 756 saltuosa
312 719 396 755 loca
414 723 454 755 et
473 719 646 754 tramites
666 719 878 755 exercitum
898 719 1065 754 ductare.
1120 718 1299 768 Denique

125 782 274 818 Aulum
303 794 368 829 spe
396 781 585 830 pactionis
612 782 793 830 perpulit,
818 782 877 816 uti
905 781 1038 817 relicto
1067 781 1230 818 Suthule
1258 782 1299 818 in

124 846 276 882 abditas
308 846 482 894 regiones
510 858 590 881 sese
622 846 746 881 veluti
778 846 977 882 cedentem
1009 846 1299 894 insequeretur,

123 910 179 946 ita
197 910 338 946 delicta
356 909 565 946 occultiora
583 909 673 946 fore.
733 909 889 946 Interea
907 923 976 958 per
999 910 1173 946 homines
1198 911 1302 946 calli-

123 973 191 1009 dos
231 972 293 1008 die
335 976 528 1021 noctuque
571 973 784 1008 exercitum
828 974 1008 1019 tenebat;
1055 973 1298 1009 centuriones

122 1036 312 1085 ducesque
337 1039 552 1071 turmarum
578 1036 720 1084 partim
740 1036 800 1072 uti
825 1036 1115 1084 transfugerent
1133 1048 1296 1072 corrum-

120 1111 221 1148 pere,
237 1098 304 1134 alii
323 1098 431 1146 signo
451 1097 541 1134 dato
561 1098 686 1134 locum
707 1098 766 1134 uti
785 1098 1012 1135 desererent.
1072 1099 1178 1142 Quae
1197 1104 1297 1147 post

120 1175 234 1211 quam
254 1174 303 1198 ex
328 1161 521 1197 sententia
545 1161 715 1207 instruit,
736 1162 1008 1211 intempestate
1033 1166 1144 1198 nocte
1164 1162 1211 1198 de
1231 1163 1296 1198 im-

119 1225 272 1274 proviso
296 1224 548 1261 multitudine
574 1225 834 1262 Numidarum
860 1226 958 1262 Auli
986 1230 1111 1262 castra
1139 1226 1295 1261 circum-

118 1288 234 1324 venit.
306 1287 456 1323 Milites
499 1287 678 1334 Romani,
716 1289 889 1324 tumultu
925 1288 1092 1338 perculsi
1127 1288 1293 1333 insolito,

118 1364 224 1387 arma
252 1364 386 1399 capere
414 1350 492 1396 alii,
522 1351 589 1387 alii
616 1364 656 1387 se
683 1352 834 1398 abdere,
863 1365 952 1400 pars
979 1351 1135 1388 territos
1163 1352 1295 1387 confir-

118 1428 221 1451 mare
234 1429 244 1462 3
277 1415 470 1464 trepidare
499 1415 677 1451 omnibus
704 1415 819 1452 locis:
848 1416 908 1452 vis
935 1428 1074 1463 magna
1101 1415 1269 1451 hostium
1284 1430 1293 1461 3

118 1480 265 1516 caelum
292 1483 405 1515 nocte
435 1482 551 1527 atque
580 1479 748 1515 nubibus
778 1480 1024 1515 obscuratum
1037 1492 1047 1525 3
1078 1479 1292 1527 periculum

117 1557 256 1592 anceps
269 1558 279 1591 3
315 1548 508 1592 postremo
536 1543 669 1592 fugere
698 1557 748 1594 an
779 1556 934 1580 manere
967 1544 1091 1580 tutius
1119 1543 1220 1580 foret
1251 1545 1292 1580 in

116 1608 263 1643 incerto
295 1611 386 1643 erat.
446 1607 521 1643 Sed
553 1620 602 1643 ex
634 1620 678 1643 eo
707 1620 879 1653 numero,
911 1621 1006 1656 quos
1037 1608 1168 1656 paullo
1201 1612 1292 1644 ante

116 1675 315 1720 corruptos
342 1671 523 1717 diximus,
547 1671 681 1707 cohors
708 1685 786 1708 una
814 1671 1001 1720 Ligurum
1030 1685 1117 1708 cum
1142 1672 1291 1709 duabus

116 1735 254 1771 turmis
281 1735 472 1771 Thracum
500 1739 540 1772 et
570 1736 704 1784 paucis
732 1736 916 1788 gregariis
948 1736 1138 1772 militibus
1169 1740 1291 1773 trans-

114 1798 192 1834 iere
216 1797 265 1834 ad
292 1811 418 1846 regem
426 1812 436 1845 3
465 1803 505 1835 et
530 1799 703 1835 centurio
727 1799 843 1848 primi
869 1800 940 1848 pili
968 1800 1105 1836 tertiae
1130 1800 1290 1848 legionis

113 1876 181 1911 per
223 1863 489 1909 munitionem,
527 1877 654 1912 quam,
696 1863 756 1899 uti
798 1863 1033 1909 defenderet,
1078 1869 1287 1913 acceperat,

112 1928 237 1963 locum
278 1928 454 1964 hostibus
494 1928 717 1964 introeundi
757 1927 886 1974 deditj
934 1941 1052 1976 eaque
1094 1928 1288 1965 Numidae

112 1992 241 2027 cuncti
269 1992 451 2040 irrupere.
508 1991 646 2028 Nostri
671 1991 784 2027 foeda
806 1991 909 2039 fuga,
930 1991 1103 2040 plerique
1128 1992 1288 2040 abjectis

111 2055 227 2091 armis
245 2056 464 2104 proximum
485 2055 619 2092 collem
639 2067 882 2103 occupavere.
938 2054 1030 2090 Nox
1048 2058 1164 2103 atque
1183 2068 1287 2103 prae-

110 2118 159 2154 da
196 2123 407 2155 castrorum
444 2119 573 2156 hostes
610 2132 684 2168 quo
721 2119 848 2154 minus
885 2117 1049 2154 victoria
1084 2122 1287 2154 uterentur

110 2188 301 2219 remorata
320 2188 420 2220 sunt.
479 2183 582 2220 Dein
601 2184 628 2220 J
633 2183 800 2232 ugurtha
819 2186 972 2231 postero
992 2182 1054 2219 die
1074 2195 1159 2219 cum
1180 2183 1286 2219 Aulo

212 2257 294 2284 περ.
1157 2245 1179 2280 3
