1502 2449
166 60 214 97 36
447 59 744 98 SALLUSTJI
781 59 1065 99 CATILINA.

164 157 568 195 animadverteretur?
622 158 700 204 An,
716 157 806 206 quia
818 157 882 193 lcx
896 157 1033 194 Porcia
1044 157 1177 194 vetat?
1202 161 1242 194 at
1254 158 1352 196 aliae

164 221 265 270 leges
284 221 377 258 item
397 221 663 258 condemnatis
686 220 837 256 civibus
859 221 1028 256 animam
1054 233 1133 256 non
1158 220 1264 269 eripi,
1286 221 1353 258 sed

165 286 206 322 in
225 287 387 323 exilium
407 286 583 335 permitti
597 286 752 334 jubent.
810 285 891 331 An,
908 286 1000 334 quia
1018 285 1176 334 gravius
1196 290 1255 322 est
1273 299 1353 323 ver·

164 351 290 387 berari
309 364 425 399 quam
454 350 612 386 necari'?
643 349 738 398 quid
764 353 895 385 autem
924 351 1114 394 acerbum,
1142 355 1211 386 aut
1235 363 1353 399 grave

164 413 281 450 nimis
300 413 340 449 in
361 413 535 448 homines
561 412 663 448 tanti
688 412 869 448 facinoris
893 413 1115 450 convictos?
1162 413 1240 459 Sin,
1262 413 1353 462 quia

165 477 315 514 levius?
352 477 418 525 qui
439 478 620 512 convenit
638 476 681 512 in
700 476 848 512 minore
875 477 1029 525 negotio
1055 477 1177 525 legem
1202 477 1351 524 timere,

166 554 285 591 quum
305 554 388 577 eam
407 541 447 576 in
467 541 612 589 majore
631 540 876 590 neglexeris?
929 541 988 577 At
1007 542 1108 577 enim
1125 542 1211 590 quis
1231 554 1354 590 repre-

166 607 319 652 hendet,
343 606 445 654 quod
470 606 510 641 in
537 606 747 654 parricidas
773 606 1007 654 reipublicae
1032 607 1227 644 decretum
1253 607 1355 643 erit?

167 672 345 720 Tempus,
369 670 460 716 dies,
486 670 655 715 fortuna,
683 671 792 719 cujus
817 670 952 706 lubido
978 671 1158 719 gentibus
1183 671 1353 713 modera-

166 740 240 773 tur.
299 735 384 771 Illis
405 734 543 771 merito
568 735 723 782 accidet,
747 734 937 784 quidquid
957 736 1154 779 evenerit:
1185 739 1356 772 ceterum

167 813 246 846 vos,
268 799 406 835 Patres
426 799 644 848 conscripti,
667 799 759 848 quid
784 799 827 835 in
852 799 946 835 alios
971 799 1166 845 statuatis,
1189 799 1356 849 conside-

167 867 258 899 rate.
319 863 462 899 Omnia
488 863 589 900 mala
615 864 793 913 exempla
818 877 867 900 ex
886 864 998 900 bonis
1024 868 1109 900 orta
1131 868 1224 900 sunt
1239 877 1249 911 3
1278 864 1355 910 sed,

169 928 236 964 ubi
263 927 467 975 imperium
498 927 547 963 ad
575 927 742 976 ignaros,
771 932 841 964 aut
866 929 996 965 minus
1020 929 1142 965 bonos
1167 928 1355 977 pervenit,

168 1005 313 1029 novum
333 992 431 1028 illud
451 993 673 1041 exemplum
694 993 741 1029 ab
767 993 895 1041 dignis
921 996 961 1029 et
986 993 1135 1029 idoneis
1161 993 1210 1029 ad
1235 992 1358 1042 indig-

169 1069 238 1093 nos
258 1062 296 1093 et
316 1070 394 1092 non
414 1057 572 1093 idoneos
592 1057 835 1094 transfertur.
886 1057 1178 1094 Lacedaemonii
1197 1057 1359 1094 devictis

170 1121 479 1158 Atheniensibus
507 1120 672 1169 triginta
700 1121 804 1157 viros
830 1121 1056 1169 imposuere,
1086 1121 1153 1170 qui
1179 1122 1357 1170 rempub-

170 1185 283 1221 licam
304 1198 436 1221 eorum
457 1188 680 1223 tractarent.
739 1185 799 1221 Hi
817 1186 942 1234 primo
969 1197 1124 1234 coepere
1149 1173 1359 1233 pessimum

170 1261 361 1298 quemque
381 1253 420 1284 et
440 1249 619 1285 omnibus
646 1249 818 1284 invisum
838 1249 1109 1285 indemnatum
1128 1261 1287 1286 necare:
1317 1261 1361 1285 ea

171 1313 335 1361 populus
355 1313 491 1349 laetari
510 1317 550 1348 et
569 1313 709 1349 merito
729 1312 855 1349 dicere
880 1313 975 1349 fieri.
1034 1312 1139 1359 Post,
1161 1313 1230 1349 ubi
1255 1313 1361 1361 paul-

171 1377 283 1414 latim
308 1377 467 1413 licentia
492 1377 626 1424 crevit,
642 1377 760 1426 juxta
786 1378 906 1414 bonos
932 1381 971 1414 et
995 1377 1117 1414 malos
1142 1377 1360 1414 lubidinose

173 1443 398 1488 interficere,
420 1446 565 1479 ceteros
584 1446 692 1479 metu
712 1446 865 1479 terrere.
924 1443 989 1480 Ita
1008 1442 1146 1479 civitas
1172 1443 1362 1479 servitute

173 1520 353 1556 oppressa
372 1508 515 1544 stultae
535 1508 708 1544 laetitiae
728 1520 865 1556 graves
884 1520 1027 1557 poenas
1046 1506 1163 1543 dedit.
1215 1507 1363 1543 Nostra

174 1573 356 1609 memoria
368 1573 493 1609 victor
509 1572 616 1609 Sulla
637 1586 753 1621 quum
773 1572 1054 1621 Damasippum
1069 1576 1109 1608 et
1123 1571 1218 1608 alios
1233 1571 1362 1621 hujus·

174 1636 289 1683 modi,
311 1636 380 1686 qui
407 1637 508 1673 malo
536 1637 771 1686 reipublicae
800 1640 1011 1681 creverant,
1033 1636 1208 1685 jugulari
1231 1636 1361 1684 jussit,

174 1702 261 1751 quis
297 1715 375 1738 non
407 1702 553 1738 factum
591 1701 674 1750 ejus
706 1701 921 1738 laudabat(l
964 1700 1140 1736 homines
1173 1700 1362 1747 scelestos,

176 1768 366 1813 factiosos,
389 1768 455 1816 qui
476 1767 732 1804 seditionibus
752 1766 1031 1815 rempublicam
1057 1765 1362 1814 exagitaverant,

176 1832 314 1868 merito
342 1838 497 1868 necatos
525 1831 691 1868 aiebant.
751 1830 826 1868 Sed
855 1843 899 1866 ea
927 1842 987 1866 res
1015 1842 1178 1879 magnae
1206 1829 1364 1865 initium

177 1895 295 1931 cladis
333 1896 416 1932 fuit.
487 1895 591 1932 Nam
631 1895 692 1932 uti
728 1895 892 1944 quisque
926 1894 1084 1930 domum
1117 1897 1186 1930 aut
1217 1892 1362 1938 villam,

178 1962 370 2008 postremo
399 1963 469 1996 aut
495 1972 564 1996 vas
593 1963 662 1996 aut
689 1959 969 1996 vestimentum
996 1958 1161 2007 alicujus
1192 1956 1366 2005 concupi-

179 2027 299 2070 verat,
331 2024 450 2061 dabat
486 2037 652 2073 operam,
688 2023 749 2060 uti
786 2024 828 2060 in
864 2022 1168 2072 proscriptorum
1205 2033 1366 2057 numero

180 2090 288 2125 esset.
365 2088 431 2124 Ita
474 2088 542 2133 illi,
584 2087 724 2136 quibus
772 2085 1003 2135 Damasippi
1048 2097 1150 2122 mors
1195 2083 1367 2121 laetitiae

181 2150 318 2197 fuerat,
340 2154 426 2200 post
445 2151 574 2200 paullo
593 2150 670 2200 ipsi
689 2150 945 2187 trahebantur
958 2162 968 2197 3
996 2160 1120 2197 neque
1145 2147 1253 2196 prius
1279 2146 1368 2183 finis
