1543 2449
431 93 563 131 SALL
574 92 726 131 USTII
758 92 1063 130 JUGURTHA.
1287 95 1335 133 77

162 181 264 231 quod
291 179 511 229 Jugurthae
539 179 758 228 Bocchique
785 191 946 227 regnum
974 178 1230 227 disjungebat,
1254 183 1339 216 erat
1377 220 1384 224 ⁴

159 246 261 282 inter
277 249 442 282 ceteram
462 244 664 293 planitiem
684 256 793 280 mons
813 255 962 288 saxeus,
978 242 1161 279 mediocri
1181 244 1340 281 castello

163 310 256 346 satis
293 314 441 359 patens,
475 309 517 345 in
552 309 782 345 immensum
820 308 958 354 editus,
992 320 1070 344 uno
1105 313 1340 357 perangusto

162 374 271 411 aditu
303 374 460 410 relicto:
493 385 583 408 nam
612 372 736 408 omnis
764 376 916 418 natura,
946 372 1056 408 velut
1083 385 1196 421 opere
1223 376 1340 421 atque

149 437 348 483 vconsulto,
382 449 573 485 praeceps.
631 436 754 480 Quem
787 435 913 471 locum
950 435 1113 481 Marius,
1147 435 1249 484 quod
1285 436 1341 472 ibi

161 499 260 547 regis
286 499 457 535 thesauri
483 504 604 543 erant,
629 511 779 534 summa
803 499 843 534 vi
869 511 1002 547 capere
1027 499 1206 535 intendit.
1265 498 1340 535 Sed

161 574 206 598 ea
224 574 284 598 res
304 562 415 607 forte,
430 575 544 610 quam
565 562 723 597 consilio
743 562 880 597 melius
899 566 1014 610 gesta.
1065 562 1168 598 Nam
1185 561 1341 598 castello

161 626 332 662 virorum
360 631 477 675 atque
502 639 696 662 armorum
722 626 826 671 satis,
847 639 987 674 magna
1011 626 1070 662 vis
1089 625 1278 662 frumenti
1302 629 1343 662 et

161 688 248 725 fons
280 702 413 738 aquae,
447 689 648 738 aggeribus
680 689 929 738 turribusque
961 693 1002 725 et
1032 690 1119 725 aliis
1150 689 1343 725 machinae

164 753 335 789 tionibus
363 754 468 789 locus
496 754 752 801 importunus,
779 753 854 789 iter
882 753 1178 789 castellanorum
1207 766 1343 802 angus-

162 821 246 853 tum
266 816 484 861 admodum,
506 816 700 864 utrimque
718 816 942 864 praecisum.
1002 816 1152 853 Vineae
1175 829 1262 852 cum
1287 816 1343 852 in-

163 880 270 928 genti
301 879 472 928 periculo
504 879 651 915 frustra
683 880 953 927 agitabantur:
991 893 1081 916 nam
1119 893 1239 929 quum
1276 893 1342 917 eae

164 943 337 992 paullum
370 946 645 991 processerant,
679 942 760 990 igni
792 947 863 979 aut
898 943 1092 991 lapidibus
1129 956 1344 993 corrumpe-

163 1007 329 1053 bantur3
361 1006 505 1042 milites
536 1018 660 1055 neque
692 1018 762 1054 pro
792 1019 905 1054 opere
936 1006 1155 1052 consistere,
1186 1012 1345 1056 propter

164 1070 410 1118 iniquitatem
448 1069 534 1115 loci,
572 1082 696 1118 neque
733 1069 836 1105 inter
872 1069 1005 1105 vineas
1049 1070 1131 1106 sine
1173 1071 1345 1118 periculo

164 1134 433 1171 administrare
446 1147 456 1180 3
489 1134 658 1182 optimus
689 1134 850 1183 quisque
881 1134 1027 1180 cadere,
1058 1139 1128 1170 aut
1157 1134 1345 1181 sauciari3

164 1198 300 1235 ceteris
328 1202 454 1234 metus
482 1198 622 1246 augeri.
736 1227 738 1229 .

242 1262 400 1300 XCIII.
457 1262 518 1299 At
549 1263 712 1308 Marius,
746 1263 881 1299 multis
913 1263 1049 1300 diebus
1081 1267 1122 1300 et
1150 1263 1346 1300 laboribus

165 1327 387 1372 consumtis,
408 1327 549 1362 anxius
571 1326 725 1363 trahere
750 1339 837 1362 cum
863 1327 992 1363 animo
1011 1339 1080 1363 suo
1099 1327 1347 1363 omitteretne

165 1390 373 1438 inceptum,
405 1390 587 1438 quoniam
616 1389 764 1426 frustra
796 1394 891 1436 erat,
923 1403 974 1426 an
1005 1390 1203 1426 fortunam
1236 1403 1348 1439 oppe-

165 1453 319 1498 riretur,
340 1466 416 1501 qua
438 1466 550 1501 saepe
575 1466 754 1502 prospere
780 1466 872 1490 usus
898 1453 1036 1490 fuerat.
1094 1454 1202 1498 Quae
1227 1467 1347 1503 quum

167 1516 309 1553 multos
334 1516 415 1553 dies
440 1521 647 1565 noctesque
673 1521 853 1553 aestuans
873 1518 1049 1566 agitaret,
1069 1517 1170 1553 forte
1190 1518 1347 1566 quidam

168 1580 288 1629 Ligus
315 1593 364 1616 ex
392 1580 615 1616 cohortibus
643 1581 859 1617 auxiliariis
891 1581 1002 1617 miles
1033 1581 1242 1629 gregarius,
1272 1594 1349 1617 cas-

168 1644 239 1679 tris
264 1648 449 1692 aquatum
475 1656 659 1692 egressus,
680 1643 784 1680 haud
810 1645 944 1693 procul
966 1645 1015 1680 ab
1041 1645 1161 1680 latere
1187 1645 1347 1689 castelli,

168 1707 271 1756 quod
307 1720 485 1743 aversum
522 1706 802 1756 proeliantibus
839 1712 934 1753 erat,
969 1708 1141 1744 animum
1178 1708 1350 1744 advertit

168 1771 271 1806 inter
307 1783 401 1806 saxa
436 1775 614 1819 repentes
650 1771 844 1807 cochleas:
883 1784 1046 1819 quarum
1079 1784 1198 1819 quum
1231 1784 1349 1807 unam

169 1838 284 1882 atque
321 1833 495 1879 alteram,
533 1834 624 1870 dein
659 1835 789 1883 plures
825 1839 986 1883 peteret,
1025 1835 1155 1871 studio
1197 1835 1350 1883 legendi

169 1897 372 1945 paullatim
409 1909 527 1945 prope
563 1897 613 1933 ad
650 1911 842 1934 summum
880 1898 1024 1934 montis
1065 1911 1238 1946 egressus
1278 1902 1345 1935 est.

172 1960 254 1997 Ubi
289 1964 493 2008 postquam
531 1961 779 1997 solitudinem
811 1962 1018 2008 intellexit,
1051 1974 1157 1998 more
1188 1961 1351 1998 humani

170 2024 316 2072 ingenii
344 2023 483 2072 cupido
511 2023 682 2074 difficilia
708 2024 877 2061 faciendi
905 2026 1076 2061 animum
1109 2025 1237 2062 vertit.
1296 2025 1351 2062 Et

171 2088 272 2124 forte
308 2088 350 2123 in
387 2100 430 2123 eo
466 2087 550 2124 loco
581 2087 738 2136 grandis
770 2089 849 2125 ilex
882 2090 1078 2126 coaluerat
1108 2089 1212 2126 inter
1243 2102 1349 2135 saxa,

172 2151 345 2200 paullum
377 2150 490 2187 modo
521 2164 654 2200 prona,
693 2152 832 2189 deinde
868 2153 969 2190 flexa
1005 2157 1122 2202 atque
1158 2157 1274 2190 aucta
1309 2153 1351 2190 in
