1502 2449
140 49 189 109 34
421 71 555 111 ΒΑΜ
564 72 717 110 USTJJ
752 71 819 110 CA
827 71 1034 110 TJLJNA.

138 169 349 219 ingenium,
381 169 511 208 valet:
550 168 584 206 si
619 168 754 205 lubido
786 168 967 217 possidet,
1006 181 1051 204 ea
1087 166 1322 213 dominatur,

139 234 291 269 animus
309 232 410 268 nihil
426 233 537 269 valet.
590 232 738 280 Magna
752 232 850 268 mihi
868 231 976 280 copia
996 235 1054 268 est
1073 232 1320 278 memorandi,

140 298 277 333 Patres
296 297 514 345 conscripti,
537 297 604 345 qui
623 309 732 345 reges
751 301 868 346 atque
886 297 1021 346 populi
1040 297 1098 333 ira
1123 301 1192 333 aut
1214 297 1324 333 mise-

132 347 302 396 'ricordia
318 360 476 408 impulsi
491 360 592 396 male
611 360 880 397 consuluerint
887 373 897 407 3
925 361 991 397 sed
1011 374 1056 397 ea
1070 361 1172 397 malo
1186 361 1321 404 dicere,

138 436 237 472 quae
279 424 443 471 majores
479 422 605 458 nostri
641 427 776 459 contra
812 423 1028 460 lubidinem
1064 423 1187 460 animi
1222 427 1324 459 recte

138 493 256 535 atque
293 486 428 523 ordine
465 487 596 524 fecere.
655 487 766 524 Bello
804 488 1054 525 Macedonico
1090 488 1194 537 quod
1237 501 1322 524 cum

139 565 225 600 rege
245 552 364 588 Perse
388 551 576 599 gessimus
596 551 842 588 Rhodiorum
867 553 1015 599 civitas,
1043 567 1182 602 magna
1207 558 1323 602 atque

139 615 354 664 magnifica,
377 628 475 664 quae
494 616 629 664 populi
647 615 818 652 Romani
837 616 988 665 opibus·
1001 621 1184 663 creverat,
1206 617 1325 653 infida

139 682 255 727 atque
274 679 435 715 adversa
450 679 561 715 nobis
580 679 656 715 fuit
663 692 673 726 3
703 680 768 716 sed
788 684 1006 728 postquam,
1022 680 1122 716 bello
1138 680 1323 726 confecto,

139 742 185 778 de
204 742 369 778 Rhodiis
389 743 608 778 consultum
625 746 693 789 est,
716 740 879 791 majores
899 743 1033 789 nostri,
1051 756 1100 779 ne
1120 743 1206 791 quis
1226 743 1324 779 divi-

140 806 284 842 tiarum
312 806 433 854 magis
462 819 579 854 quam
603 806 769 855 injuriae
795 819 929 843 caussa
956 807 1101 843 bellum
1128 807 1324 856 inceptum

139 870 294 916 diceret,
322 870 536 919 impunitos
562 883 625 907 eos
651 870 840 907 dimisere.
900 870 1003 907 Item
1029 871 1140 907 bellis
1166 871 1325 908 Punicis

139 935 328 983 omnibus,
351 948 471 984 quum
491 948 603 984 saepe
620 935 958 984 Carthaginienses
978 940 1017 972 et
1036 936 1078 972 in
1093 950 1185 985 pace
1200 940 1239 973 et
1258 949 1326 985 per

139 999 316 1036 inducias
353 1000 479 1036 multa
511 1000 661 1036 nefaria
692 1000 866 1037 facinora
902 1001 1090 1046 fecissent,
1124 1013 1326 1050 nunquam

139 1063 213 1112 ipsi
240 1076 310 1112 per
337 1064 575 1100 occasionem
603 1064 699 1100 talia
726 1065 847 1101 fecere
855 1077 865 1111 3
894 1064 1026 1113 magis,
1058 1064 1151 1113 quid
1180 1077 1219 1100 se
1248 1064 1326 1113 dig-

138 1140 234 1163 num
253 1127 364 1173 foret,
387 1140 503 1176 quam
522 1127 617 1176 quid
636 1127 679 1163 in
698 1127 776 1164 illis
791 1128 880 1176 jure
906 1127 989 1163 fieri
1015 1131 1143 1176 posset
1168 1139 1324 1175 quaere-
1348 1172 1352 1176 .

140 1191 244 1229 bant.
303 1191 393 1227 Hoc
413 1191 516 1227 idem
536 1191 820 1240 providendum
846 1195 914 1236 est,
944 1190 1081 1226 Patres
1106 1190 1323 1239 conscripti,

139 1268 188 1292 ne
205 1256 293 1305 plus
306 1257 435 1293 valeat
454 1257 557 1306 apud
570 1270 638 1293 vos
658 1257 702 1294 P.
724 1256 884 1293 Lentuli
903 1260 943 1292 et
962 1260 1177 1293 ceterorum
1190 1255 1323 1301 scelus,

139 1332 255 1368 quam
284 1324 414 1356 vestra
442 1320 611 1369 dignitas
619 1334 629 1367 3
667 1333 744 1357 neu
772 1321 893 1369 magis
921 1320 1000 1356 irae
1028 1324 1181 1356 vestrae
1209 1331 1326 1368 quam

139 1383 266 1420 famae
277 1384 497 1423 consulatis.
547 1384 651 1421 Nam
665 1384 698 1421 si
712 1384 829 1433 digna
842 1397 965 1434 poena
980 1397 1050 1433 pro
1064 1383 1177 1420 factis
1193 1396 1325 1420 eorum

140 1447 346 1496 reperitur,
374 1461 520 1484 novum
551 1448 755 1484 consilium
781 1448 950 1497 approbo
964 1462 973 1495 3
1011 1447 1072 1483 sin
1098 1446 1326 1495 magnitudo

139 1512 292 1549 sceleris
307 1512 482 1549 omnium
501 1512 657 1562 ingenia
671 1516 890 1561 exsuperat,
907 1512 967 1548 his
987 1511 1176 1548 utendum
1192 1523 1326 1546 censeo

140 1589 237 1625 quae
273 1577 422 1626 legibus
460 1582 681 1626 comparata
710 1581 811 1614 sunt.
870 1576 1053 1624 Plerique
1083 1588 1227 1620 eorum,
1259 1574 1327 1623 qui

139 1645 231 1677 ante
250 1654 311 1677 me
337 1642 551 1678 sententias
577 1642 775 1687 dixerunt,
803 1640 1011 1690 composite
1036 1643 1154 1687 atque
1179 1638 1325 1687 magni-

140 1705 210 1742 fice
224 1718 355 1742 casum
369 1706 605 1755 reipublicae
621 1706 794 1742 miserati
808 1710 919 1751 sunt,
949 1717 1046 1753 quae
1058 1703 1150 1740 belli
1165 1702 1328 1739 saevitia

140 1773 251 1815 esset,
280 1782 379 1818 quae
407 1770 522 1806 victis
549 1769 777 1815 acciderent,
811 1780 1104 1814 enumeravere;
1141 1766 1226 1815 rapi
1253 1766 1327 1802 vir-

140 1834 260 1882 gines,
291 1847 428 1883 pueros
436 1848 446 1881 3
485 1835 620 1872 divelli
648 1835 788 1872 liberos
817 1848 839 1871 a
866 1837 1073 1883 parentum
1106 1832 1326 1881 complexu3

141 1902 285 1934 matres
312 1899 549 1936 familiarum
571 1899 654 1949 pati
679 1912 778 1948 quae
804 1898 1016 1935 victoribus
1045 1896 1326 1941 collibuissent,

141 1961 231 1997 fana
258 1965 374 2010 atque
404 1962 536 1999 domos
564 1963 771 2012 exspoliari
779 1976 789 2010 3
823 1961 990 2004 caedem,
1019 1959 1198 1997 incendia
1226 1957 1327 2004 fieri3

142 2030 343 2075 postremo,
365 2028 493 2074 armis,
510 2028 772 2074 cadaveribus,
790 2039 924 2064 cruore
943 2030 1061 2074 atque
1075 2024 1183 2060 luctu
1199 2022 1328 2058 onmia

142 2089 334 2138 compleri.
393 2091 468 2127 Sed
496 2105 563 2140 per
589 2092 679 2128 deos
702 2089 966 2128 immortales!
1004 2102 1080 2138 quo
1108 2088 1176 2124 illa
1205 2086 1328 2123 oratio

143 2154 358 2204 pertinuit?
397 2168 457 2204 an,
493 2157 552 2193 uti
581 2170 648 2194 vos
677 2157 836 2194 infestos
869 2152 1125 2205 conjurationi
1157 2151 1327 2189 faceret?
