1543 2449
400 129 534 167 SALL
545 129 695 167 USTII
730 127 1035 166 JUGURTJJA.
1262 129 1309 167 27

137 215 349 253 sacerdotia
376 219 415 251 et
443 215 676 261 consulatus,
705 228 795 264 pars
823 214 1040 263 triumphos
1073 225 1161 250 suos
1189 216 1312 249 osten-

136 285 275 326 tantes,
294 280 453 329 perinde
478 280 587 328 quasi
612 293 657 316 ea
684 280 831 325 honori,
851 292 930 316 non
948 279 1112 328 praedae
1130 278 1308 314 habeant.

137 344 246 381 Servi
265 356 351 380 aere
370 343 497 392 parati
515 343 677 392 imperia
700 344 846 391 injusta
868 342 1111 379 dominorum
1134 354 1212 378 non
1230 354 1311 390 per-

136 407 289 443 ferunt:
318 419 397 452 vos,
425 406 608 452 Quirites,
635 407 796 455 imperio
822 406 917 452 nati,
942 418 1063 454 aequo
1086 405 1215 441 animo
1238 417 1311 440 ser-

124 472 301 511 ‚vitutem
326 472 524 508 toleratis?
578 472 637 508 At
659 471 726 520 qui
748 475 840 507 sunt
865 471 917 517 hi,
944 471 1010 520 qui
1035 469 1310 518 rempublicam

135 537 392 585 occupavere?
419 536 593 573 homines
613 535 909 581 sceleratissimi,
931 535 1101 572 cruentis
1120 535 1310 579 manibus,

136 598 296 634 immani
323 599 500 644 avaritia,
530 599 793 635 nocentissimi
821 598 998 647 idemque
1027 598 1312 647 superbissimi,

135 665 243 713 queis
271 664 376 710 fides,
398 665 525 711 decus,
546 665 681 714 pietas,
705 668 898 714 postremo
920 664 1088 715 'honesta
1115 667 1231 713 atque
1258 664 1313 700 in-

134 728 295 764 honesta
323 728 451 764 onmia
479 728 657 776 quaestui
685 732 785 764 sunt.
845 727 941 764 Pars
969 740 1101 763 eorum
1129 727 1312 764 occidisse

134 792 311 827 tribunos
330 791 464 839 plebis,
486 791 552 827 alii
577 791 822 840 quaestiones
844 791 1021 839 injustas,
1041 790 1215 840 plerique
1234 803 1314 826 cae-

134 853 221 889 dem
241 853 283 889 in
302 866 370 889 vos
389 853 524 889 fecisse
543 866 613 902 pro
638 853 880 889 munimento
902 853 1055 889 habent.
1114 852 1179 889 Ita
1197 865 1312 901 quam

137 919 299 967 quisque
318 918 480 966 pessime
503 917 608 962 fecit,
629 921 709 953 tam
733 917 901 953 maxime
926 920 1036 952 tutus
1055 920 1114 952 est
1128 930 1138 962 3
1166 920 1312 952 metum

133 995 157 1018 a
179 982 318 1018 scelere
346 994 414 1017 suo
437 981 486 1017 ad
514 981 709 1029 ignaviam
733 984 902 1017 vestram
931 980 1165 1016 transtulere
1179 994 1189 1027 3
1217 993 1313 1029 quos

133 1058 264 1082 omnes
283 1044 415 1080 eadem
435 1057 585 1093 cupere,
607 1045 739 1081 eadem
765 1045 901 1090 odisse,
922 1044 1054 1081 eadem
1080 1048 1252 1081 metuere
1271 1045 1313 1080 in

133 1122 253 1144 unum
284 1108 415 1156 coegit.
475 1108 550 1145 Sed
582 1108 675 1144 haec
707 1108 811 1145 inter
846 1109 967 1145 bonos
1004 1109 1175 1145 amicitia
1211 1109 1314 1145 inter

132 1172 252 1208 malos
281 1171 400 1207 factio
430 1175 497 1208 est.
557 1171 669 1216 Quod
697 1172 730 1208 si
757 1176 838 1208 tam
866 1185 934 1209 vos
958 1173 1154 1225 ¹libertatis
1182 1185 1313 1209 curam

131 1235 335 1281 haberetis,
365 1228 487 1284 quam*
511 1236 570 1272 illi
601 1236 650 1272 ad
683 1236 985 1273 dominationem
1022 1237 1172 1273 accensi
1208 1240 1312 1281 sunt,

131 1298 303 1348 profecto
323 1311 446 1347 neque
472 1312 532 1335 res
556 1299 723 1348 publica,
744 1299 860 1336 sicuti
887 1313 1002 1345 nunc,
1023 1303 1254 1345 vastaretur,
1274 1303 1314 1335 et

131 1363 317 1400 beneficia
344 1367 473 1399 vestra
500 1376 617 1412 penes
645 1363 821 1412 optimos,
851 1376 930 1400 non
957 1363 1232 1400 audacissimos
1259 1362 1313 1399 fo-

132 1430 228 1462 rent.
287 1426 457 1474 Majores
479 1426 599 1462 vestri
623 1426 787 1475 parandi
807 1427 908 1475 juris
930 1430 969 1463 et
994 1426 1208 1475 majestatis
1227 1438 1312 1462 con-

133 1490 352 1526 stituendae
383 1490 509 1539 gratia
539 1490 599 1526 bis
630 1503 700 1539 per
729 1491 979 1528 secessionem
1009 1491 1150 1527 armati
1181 1490 1312 1527 Aven-

132 1554 259 1589 tinum
288 1566 544 1603 occupavere:
582 1567 651 1591 vos
680 1567 750 1604 pro
780 1555 971 1601 libertate,
1001 1568 1117 1604 quam
1154 1556 1202 1591 ab
1234 1555 1312 1591 illis

132 1617 344 1666 accepistis,
368 1630 446 1654 non
474 1631 625 1654 summa
652 1631 723 1667 ope
751 1619 957 1656 nitemini?
984 1624 1101 1668 atque
1129 1632 1173 1656 eo
1202 1619 1312 1656 vehe-

132 1681 312 1726 mentius,
326 1681 428 1730 quod
447 1681 572 1729 majus
591 1681 757 1718 dedecus
776 1686 846 1728 est,
860 1687 972 1731 parta
991 1683 1180 1728 amittere,
1197 1696 1311 1732 quam

132 1746 288 1781 omnino
318 1759 398 1782 non
430 1746 651 1794 paravisse?
705 1746 822 1783 Dicet
851 1747 1013 1795 aliquis:
1057 1747 1160 1791 Quid
1193 1747 1313 1795 igitur

132 1810 287 1846 censes?
353 1809 646 1846 Vindicandum
684 1810 725 1846 in
762 1823 837 1856 eos,
872 1811 939 1860 qui
976 1811 1078 1846 hosti
1110 1810 1312 1859 prodidere

131 1873 435 1922 rempublicam?
489 1873 582 1910 Non
607 1887 738 1920 manu,
759 1887 884 1923 neque
910 1875 961 1920 vi,
982 1874 1084 1923 quod
1104 1874 1226 1922 magis
1244 1887 1313 1910 vos

130 1938 266 1974 fecisse
284 1951 400 1986 quam
419 1938 497 1974 illis
509 1939 702 1984 accidisse,
719 1939 922 1987 indignum
938 1943 1007 1985 est,
1024 1952 1158 1975 verum
1178 1951 1311 1987 quaes-

130 2003 302 2039 tionibus
327 2005 367 2038 et
390 2002 533 2038 indicio
558 2003 679 2051 ipsius
697 2003 725 2039 J
728 2003 918 2051 ugurthae
931 2017 941 2050 3
970 2003 1037 2052 qui
1056 2003 1088 2040 si
1107 2003 1313 2040 dediticius

131 2070 201 2112 est,
226 2066 400 2114 profecto
422 2066 541 2114 jussis
565 2067 705 2103 vestris
733 2067 915 2103 obediens
942 2067 1039 2114 erit,
1073 2067 1133 2103 sin
1158 2080 1204 2103 ea
1228 2080 1313 2104 con-

131 2129 282 2175 temnit,
300 2130 446 2166 scilicet
464 2130 737 2166 existimabitis
752 2131 877 2179 qualis
896 2131 963 2166 illa
981 2143 1060 2179 pax
1079 2134 1148 2166 aut
1167 2130 1313 2167 deditio

131 2190 193 2236 sit,
231 2202 281 2226 ex
317 2203 393 2239 qua
429 2191 478 2228 ad
515 2191 753 2240 *Iugurtham
787 2192 972 2228 scelerum
1006 2191 1231 2240 impunitas,
1263 2192 1312 2229 ad
