1543 2449
210 120 258 156 22
474 119 772 157 SALLUSTJI
804 118 1120 157 JUGURTHA.

209 206 427 243 Adherbali
455 206 762 243 subveniendum
777 220 788 253 3
834 206 881 243 de
918 205 946 243 J
949 205 1118 255 ugurtha
1145 205 1302 242 interim
1331 205 1390 241 uti

208 273 484 317 consuleretur,
506 271 687 320 quoniam
707 283 786 307 non
813 270 1005 319 paruisset
1033 270 1178 319 legatis.
1238 269 1313 306 Sed
1341 270 1390 305 ab

208 337 344 374 iisdem
364 336 464 384 regis
483 335 703 371 fautoribus
722 347 872 371 summa
891 347 961 383 ope
981 335 1143 380 enisum,
1164 347 1212 371 ne
1232 334 1310 370 tale
1329 334 1391 370 de-

208 405 356 438 cretum
375 401 493 436 fieret.
554 399 618 435 Ita
649 400 794 436 bonum
827 400 1036 448 publicum,
1066 404 1111 436 ut
1138 400 1179 436 in
1198 400 1390 449 plerisque

208 466 372 516 negotiis
385 466 492 510 solet,
506 464 661 513 privata
672 464 798 513 gratia
810 464 1015 500 devictum.
1048 464 1247 512 Legantur
1258 468 1390 500 tamen

208 531 250 567 in
269 529 447 566 Africam
476 528 640 576 majores
659 531 768 573 natu,
798 528 957 573 nobiles,
991 527 1129 576 amplis
1157 527 1389 573 honoribus,

208 593 249 629 in
269 592 377 642 queis
397 591 452 628 M.
476 591 655 636 Scaurus,
677 590 724 626 de
744 603 819 639 quo
840 602 957 639 supra
975 590 1284 636 memoravimus,
1305 603 1391 626 con-

207 655 346 691 sularis
377 658 416 691 et
445 658 540 690 tunc
570 654 611 689 in
641 657 779 690 senatu
807 653 994 702 princeps.
1054 653 1124 698 Hi,
1145 653 1247 701 quod
1274 653 1316 688 in
1334 653 1389 688 in-

206 718 312 754 vidia
331 730 391 754 res
411 720 505 762 erat,
526 716 641 753 simul
660 720 700 753 et
728 717 776 752 ab
806 714 991 752 Numidis
1024 716 1225 761 obsecrati,
1257 715 1389 752 triduo

206 781 338 817 navim
371 780 599 827 ascendere,
628 779 768 816 deinde
800 780 910 816 brevi
941 779 1100 817 Uticam
1133 779 1297 828 appulsi,
1330 780 1377 816 lit

205 849 309 880 teras
328 843 376 880 ad
395 844 423 880 J
427 843 633 892 ugurtham
663 843 839 889 mittunt,
871 846 1017 892 “quam
1046 844 1219 880 ocissime
1239 844 1288 880 ad
1306 857 1389 893 pro-

206 909 374 945 vinciam
388 908 563 955 accedat,
583 921 699 956 seque
714 908 763 944 ad
778 921 866 944 eum
882 909 930 944 ab
946 912 1083 945 senatu
1096 909 1264 945 missos.'’
1315 909 1389 946 Ille

205 974 272 1009 ubi
284 973 433 1022 accepit
444 973 619 1009 homines
631 973 765 1018 claros,
779 985 942 1021 quorum
955 972 1226 1009 auctoritatem
1240 972 1388 1009 Romae

204 1037 348 1086 pollere
373 1036 588 1081 audiverat,
610 1039 746 1072 contra
772 1036 970 1084 inceptum
999 1050 1112 1073 suum
1132 1036 1293 1082 venisse,
1314 1037 1389 1085 pri—

204 1113 266 1137 mo
286 1104 511 1145 commotus,
532 1103 640 1136 metu
668 1103 784 1149 atque
812 1100 987 1137 lubidine
1015 1101 1191 1137 diversus
1219 1101 1388 1149 agitaba-

203 1172 277 1201 tur.
337 1165 515 1201 Timebat
534 1165 631 1200 iram
651 1165 788 1210 senati,
809 1165 850 1201 ni
870 1166 1065 1214 paruisset
1084 1166 1245 1215 legatis,
1273 1179 1405 1217 porro

203 1228 355 1264 animus
374 1228 555 1276 cupidine
578 1241 713 1264 caecus
741 1228 790 1264 ad
819 1228 1016 1277 inceptum
1046 1230 1170 1266 scelus
1199 1230 1383 1278 rapiebat.

204 1292 315 1328 Vicit
332 1295 465 1328 tamen
484 1292 526 1327 in
544 1291 659 1328 avido
678 1291 834 1340 ingenio
853 1305 1018 1341 pravum
1040 1294 1252 1329 consilium.
1312 1293 1389 1341 Igi-

202 1361 268 1392 tur
297 1356 471 1392 exercitu
503 1356 741 1392 circumdato
769 1369 920 1393 summa
938 1357 979 1392 vi
999 1357 1145 1394 Cirtam
1174 1357 1388 1406 irrumpere

201 1420 355 1466 nititur,
389 1419 558 1456 maxime
588 1432 746 1468 sperans
779 1419 939 1456 diducta
967 1433 1086 1456 manu
1118 1420 1289 1456 hostium
1319 1424 1388 1456 aut

202 1483 241 1518 vi
261 1487 330 1519 aut
349 1483 448 1519 dolis
467 1495 548 1519 sese
577 1495 708 1518 casum
736 1482 923 1519 victoriae
951 1483 1214 1519 inventurum.
1274 1482 1387 1526 Quod

202 1547 269 1583 ubi
306 1560 415 1583 secus
443 1546 630 1595 procedit,
668 1559 793 1595 neque
835 1546 937 1595 quod
979 1547 1202 1583 intenderat
1238 1546 1387 1582 efficere

200 1615 339 1660 potest,
361 1612 421 1648 uti
445 1611 553 1660 prius
584 1624 699 1659 quam
730 1611 876 1659 legatos
906 1612 1132 1648 conveniret
1149 1610 1387 1647 Adherbalis

200 1675 404 1723 potiretur,
435 1688 483 1711 ne
514 1674 680 1723 amplius
712 1674 910 1720 morando,
941 1674 1141 1720 Scaurum,
1163 1686 1277 1723 quem
1304 1674 1387 1723 plu-

200 1739 341 1775 rimum
361 1739 572 1784 metuebat,
593 1737 829 1783 incenderet,
851 1751 938 1774 cum
959 1738 1093 1787 paucis
1121 1739 1317 1787 equitibus
1345 1739 1387 1774 in

200 1803 438 1850 provinciam
458 1803 575 1838 venit.
634 1802 709 1848 Ac,
729 1806 862 1838 tamen
881 1802 955 1838 etsi
974 1802 1100 1839 senati
1115 1802 1244 1838 verbis
1258 1802 1386 1838 minae

199 1880 335 1916 graves
367 1868 667 1913 nunciabantur,
701 1867 804 1916 quod
841 1867 1129 1916 oppugnatione
1165 1879 1244 1903 non
1271 1867 1387 1903 desis-

199 1935 311 1977 teret,
344 1932 469 1968 multa
496 1936 629 1968 tamen
659 1931 834 1968 oratione
862 1936 1065 1968 consumta
1092 1931 1211 1980 legati
1238 1931 1386 1967 frustra

199 1996 414 2033 discessere.

277 2060 438 2097 XXVI.
498 2061 558 2098 Ea
576 2064 780 2110 postquam
802 2060 933 2098 Cirtae
961 2061 1097 2098 audita
1115 2064 1219 2106 sunt,
1241 2060 1384 2106 Italici,

199 2137 363 2173 quorum
392 2125 540 2162 virtute
567 2126 721 2162 moenia
757 2125 1073 2171 defensabantur,
1113 2125 1247 2161 confisi
1283 2124 1387 2161 dedi-

199 2190 304 2226 tione
332 2189 436 2226 facta
463 2194 622 2239 propter
649 2190 958 2239 magnitudinem
986 2189 1121 2239 populi
1141 2188 1311 2226 Romani
1330 2188 1385 2225 in-
