1543 2449
401 97 696 137 SALLUSTJJ
727 98 1036 136 JCGURTHA.
1263 99 1310 136 13

139 195 208 233 pro
229 184 495 232 magnitudine
519 184 682 234 imperii,
696 185 762 233 jus
786 189 826 222 et
853 185 1014 234 injurias
1042 197 1172 222 omnes
1198 197 1311 222 curae

140 260 220 284 esse
247 247 365 284 decet.
423 248 540 284 Nunc
568 261 670 294 vero,
691 249 801 285 exsul
829 249 966 298 patria,
987 248 1111 294 domo,
1132 249 1235 285 solus
1257 254 1312 285 at-

139 322 212 358 que
239 309 410 345 omnium
438 310 687 346 honestarum
714 323 843 347 rerum
871 323 996 359 egens,
1025 322 1100 359 quo
1127 309 1310 355 accidam,

138 377 208 410 aut
234 387 328 422 quos
356 375 574 423 appellam‘l
609 375 835 411 nationesne
862 388 913 411 an
939 387 1058 423 reges,
1087 374 1154 423 qui
1180 386 1312 411 omnes

138 437 308 488 'familiae
326 442 479 474 nostrae
499 439 547 474 ob
566 442 734 475 vestram
749 438 959 475 amicitiam
974 438 1107 475 infesti
1126 438 1244 476 sunt?
1261 451 1312 475 an

138 515 329 551 quoquam
357 503 453 539 mihi
480 503 586 540 adire
611 503 712 548 licet,
733 502 800 539 ubi
824 515 903 539 non
926 503 1115 551 maiorum
1139 515 1311 540 meorum

137 565 293 602 hostilia
311 570 561 602 monumenta
573 566 740 614 plurima
755 566 858 602 sint?
885 569 954 602 aut
973 566 1174 615 quisquam
1189 566 1312 603 nostri

137 629 309 666 misereri
352 634 490 679 potest,
529 630 595 679 qui
640 630 847 678 aliquando
892 630 1002 666 vobis
1046 631 1167 667 hostis
1211 630 1313 668 fuit?

138 692 337 729 Postremo
357 693 565 729 Masinissa
579 706 648 730 nos
667 693 724 729 ita
742 693 927 739 instituit,
942 693 1078 731 Patres
1093 694 1311 743 conscripti,

138 770 185 793 ne
205 770 317 806 quem
339 758 548 794 coleremus
568 757 643 793 nisi
665 758 852 806 populum
879 757 1112 804 Romanum,
1132 771 1181 795 ne
1200 758 1314 795 socie-

137 825 248 867 tates,
279 835 327 858 ne
356 822 511 858 foedera
540 835 642 858 nova
670 823 950 871 acciperemus:
992 823 1145 859 abunde
1173 835 1314 871 magna

137 886 328 934 praesidia
339 887 449 922 nobis
468 887 509 922 in
528 890 658 922 vestra
673 887 844 923 amicitia
863 886 966 923 fore:
997 887 1029 923 si
1048 886 1138 923 huic
1152 886 1313 936 imperio

137 949 294 986 fortuna
312 953 541 995 mutaretur,
563 963 642 986 una
660 950 771 987 nobis
797 951 1047 988 occidendum
1076 964 1167 988 esse.
1224 951 1314 987 Vir-

138 1017 222 1049 tute
240 1026 283 1049 ac
303 1013 362 1049 dis
381 1013 601 1050 volentibus
626 1014 756 1062 magni
779 1014 871 1051 estis
896 1019 936 1051 et
955 1015 1152 1064 opulenti:
1186 1015 1314 1052 omnia

137 1076 304 1112 secunda
329 1080 368 1112 et
395 1077 614 1113 obedientia
639 1082 731 1113 sunt
746 1091 756 1124 3
785 1091 860 1127 quo
879 1078 1032 1115 facilius
1050 1079 1239 1115 sociorum
1259 1078 1315 1114 in·

132 1140 256 1189 jurias
293 1153 426 1176 curare
463 1141 563 1178 licet.
620 1141 789 1177 Tantum
826 1142 924 1179 illud
960 1155 1106 1188 vereor,
1138 1154 1188 1178 ne
1219 1154 1314 1190 quos

136 1204 289 1252 privata
308 1204 479 1239 amicitia
497 1204 524 1240 J
528 1204 717 1252 ugurthae
736 1217 872 1253 parum
898 1205 1052 1254 cognita
1075 1208 1315 1241 transversos

136 1271 226 1316 agat
241 1281 248 1304 ;
277 1280 372 1316 quos
392 1280 460 1316 ego
473 1268 588 1304 audio
600 1269 769 1305 maxima
784 1282 854 1318 ope
872 1270 957 1315 niti,
974 1270 1131 1315 ambire,
1150 1269 1315 1318 fatigare

136 1343 204 1366 vos
233 1331 415 1379 singulos,
446 1344 495 1367 ne
525 1331 618 1379 quid
648 1331 695 1368 de
732 1332 901 1378 absente,
935 1332 1132 1380 incognita
1168 1344 1313 1377 caussa,

137 1395 346 1441 statuatis3
400 1395 543 1442 fingere
585 1407 647 1430 me
682 1395 812 1440 verba,
850 1394 983 1443 fugam
1019 1395 1212 1440 simulare,
1251 1395 1314 1431 cui

136 1459 290 1495 licuerit
312 1459 354 1495 in
378 1472 495 1507 regno
523 1472 687 1496 manere.
745 1460 857 1503 Quod
885 1460 1035 1496 utinam
1061 1460 1183 1506 illum,
1205 1460 1314 1508 cujus

136 1523 254 1572 impio
282 1523 453 1560 facinore
478 1523 519 1559 in
544 1523 614 1560 has
641 1524 814 1560 miserias
841 1524 1036 1572 projectus
1064 1537 1160 1569 sum,
1181 1524 1313 1560 eadem

136 1586 230 1622 haec
249 1586 496 1623 simulantem
516 1587 668 1623 videam
681 1600 691 1634 ,-
721 1591 760 1623 et
787 1588 996 1636 aliquando
1021 1591 1091 1623 aut
1110 1587 1213 1636 apud
1232 1600 1312 1633 vos,

137 1652 206 1685 aut
237 1649 340 1698 apud
372 1649 462 1685 deos
492 1649 739 1696 immortales,
773 1663 902 1686 rerum
934 1650 1191 1686 humanarum
1223 1663 1314 1687 cura

137 1713 307 1750 oriatur!
336 1727 408 1750 nae
427 1715 504 1759 ille,
525 1714 592 1763 qui
614 1715 718 1750 nunc
744 1715 950 1751 sceleribus
970 1715 1049 1751 suis
1068 1715 1179 1751 ferox
1198 1720 1314 1764 atque

137 1778 356 1826 praeclarus
384 1783 453 1824 est,
484 1779 661 1815 omnibus
689 1779 800 1815 malis
830 1779 1074 1815 excruciatus
1102 1778 1314 1828 impietatis

138 1841 179 1876 in
213 1846 411 1889 parentem
442 1846 629 1887 nostrum,
661 1841 794 1878 fratris
825 1843 901 1878 mei
932 1843 1036 1878 necis
1066 1855 1314 1890 mearumque

137 1904 377 1940 miseriarum
407 1917 543 1953 graves
574 1917 716 1953 poenas
748 1905 893 1942 reddet.
951 1906 978 1942 J
981 1919 1042 1942 am
1068 1906 1149 1953 jam
1179 1906 1312 1952 frater,

137 1968 265 2004 animo
302 1980 386 2004 meo
419 1969 623 2014 carissime,
657 1982 889 2017 quamquam
919 1970 993 2005 tibi
1022 1969 1241 2016 immaturo,
1274 1974 1314 2007 et

138 2031 240 2067 unde
259 2031 416 2068 minime
435 2031 577 2077 decuit,
597 2032 680 2068 vita
699 2036 831 2081 erepta
849 2037 918 2078 est,
940 2037 1071 2069 tamen
1089 2033 1312 2070 laetandum

137 2094 258 2143 magis
286 2107 400 2143 quam
429 2094 637 2131 dolendum
665 2100 761 2144 puto
790 2109 919 2132 casum
945 2101 1057 2132 tuum
1071 2110 1081 2144 3
1109 2109 1187 2133 non
1210 2098 1312 2134 enim

137 2171 309 2207 regnum,
331 2159 396 2196 sed
419 2160 563 2208 fugam,
588 2160 760 2205 exilium,
780 2165 988 2209 egestatem
1013 2166 1052 2198 et
1077 2174 1208 2198 omnes
1230 2161 1311 2208 has,
