1543 2449
441 118 734 157 SALLUSTIJ
764 117 1077 155 JUGURTHA.
1296 119 1343 154 23

172 206 336 243 violatos
365 219 446 242 sese
473 206 567 251 fore,
604 205 821 242 Adherbali
857 204 1032 249 suadent,
1062 203 1122 240 uti
1149 216 1275 252 seque,
1305 208 1345 240 et

169 271 353 320 oppidum
372 272 400 308 J
403 272 591 320 ugurthae
611 271 741 307 tradat
754 284 763 317 3
792 274 946 306 tantum
966 270 1014 306 ab
1029 282 1073 305 eo
1089 269 1209 305 vitam
1224 269 1343 318 pacis-

171 340 292 381 catur,
313 335 359 372 de
380 336 515 371 ceteris
543 335 695 371 senatui
723 347 836 370 curae
864 333 954 370 fore.
1012 333 1072 370 At
1090 333 1166 379 ille,
1187 334 1343 370 tametsi

168 399 297 434 omnia
315 398 465 447 potiora
483 398 558 434 fido
577 397 797 446 Jugurthae
816 397 984 442 rebatur,
1003 397 1094 445 quia
1121 409 1238 445 penes
1265 409 1342 433 eos-

133 490 138 497 .
166 463 264 508 dem,
294 463 326 499 si
353 463 635 507 adversaretur,
665 461 825 510 cogendi
860 465 1030 510 potestas
1062 465 1156 506 erat,
1185 461 1252 506 ita,
1282 462 1342 497 uti

165 530 394 562 censuerant
413 525 554 570 Italici,
576 525 810 561 deditionem
829 524 933 560 facit.
991 524 1018 560 J
1022 524 1189 572 ugurtha
1207 524 1248 560 in
1267 525 1341 573 pri-

163 591 236 627 mis
264 591 527 626 Adherbalem
556 589 820 626 excruciatum
857 592 970 625 necat
986 602 996 635 3
1033 588 1172 625 deinde
1208 602 1340 625 omnes

163 657 325 704 puberes
345 656 537 692 Numidas
565 658 604 691 et
631 654 889 703 negotiatores
916 653 1142 701 promiscue,
1163 653 1222 689 uti
1240 653 1339 701 quis-

162 732 263 768 que
255 720 413 755 armatis
432 719 568 755 obvius
587 718 727 762 fuerat,
747 716 952 753 interfecit.

239 783 423 819 XXVII.
474 782 585 826 Quod
604 785 806 830 postquam
827 780 974 818 Romae
994 780 1189 828 cognitum
1209 784 1278 826 est,
1299 784 1338 816 et

160 859 219 882 res
247 846 288 881 in
316 849 453 882 senatu
481 845 620 893 agitari
648 848 794 893 coepta,
824 844 925 880 idem
954 844 1013 879 illi
1040 844 1210 880 ministii
1238 844 1337 892 regis

159 910 438 958 interpellando
466 922 510 945 ac
543 921 654 957 saepe
689 908 826 956 gratia,
855 907 1052 943 interdum
1084 908 1224 956 jurgiis
1261 912 1337 944 tra-

158 973 283 1009 hendo
321 977 473 1021 tempus
512 972 756 1008 atrocitatem
795 971 890 1007 facti
929 972 1133 1008 leniebant.
1193 972 1255 1008 Ac
1294 973 1336 1009 ni

157 1038 195 1074 O.
229 1037 448 1081 Memmius,
478 1037 659 1072 tribunus
687 1035 810 1084 plebis
838 1035 1073 1083 designatus,
1095 1036 1156 1071 vir
1175 1049 1263 1072 acer
1291 1042 1331 1073 et

156 1101 320 1138 infestus
339 1101 535 1150 potentiae
554 1100 782 1144 nobilitatis,
802 1101 988 1148 populum
1009 1100 1229 1136 Romanum
1250 1101 1333 1137 edo-

155 1165 296 1201 cuisset
332 1165 371 1200 id
409 1164 481 1212 agi,
516 1163 575 1199 uti
612 1176 681 1211 per
715 1175 858 1211 paucos
894 1163 1076 1199 factiosos
1111 1163 1332 1211 Jugurthae

154 1227 277 1263 scelus
316 1227 610 1271 condonaretur,
649 1225 823 1274 profecto
862 1226 986 1262 omnis
1026 1225 1176 1262 invidia
1210 1227 1332 1274 prola-

154 1290 282 1326 tandis
302 1291 650 1326 consultationibus
675 1289 824 1338 dilapsa
843 1294 948 1326 erat:
977 1294 1088 1326 tanta
1106 1290 1165 1326 vis
1184 1292 1331 1339 gratiae

153 1357 268 1401 atque
297 1353 482 1401 pecuniae
515 1353 623 1401 regis.
683 1353 758 1389 Sed
790 1353 857 1389 ubi
889 1356 1046 1389 senatus
1081 1353 1214 1390 delicti
1246 1367 1336 1390 con-

153 1417 313 1453 scientia
331 1418 516 1466 populum
536 1418 659 1463 timet,
679 1418 761 1466 lege
781 1417 1007 1466 Sempronia
1031 1418 1252 1466 provinciae
1272 1419 1329 1455 fu-

153 1481 250 1517 turis
270 1482 490 1517 consulibus
519 1482 708 1518 Numidia
735 1486 851 1530 atque
880 1481 998 1517 Italia
1016 1482 1213 1519 decretae:
1244 1496 1328 1519 con-

152 1544 252 1580 sules
272 1544 518 1580 declarantur
545 1545 586 1581 P.
611 1545 738 1593 Scipio
767 1545 921 1591 Nasica,
951 1545 993 1582 L.
1017 1546 1150 1583 Bestia
1170 1547 1327 1596 Calpur<

152 1608 259 1644 nius:
298 1609 507 1658 Calpurnio
544 1609 743 1655 Numidia,
782 1609 952 1658 Scipioni
989 1610 1108 1647 Italia
1144 1613 1324 1649 obvenit:

150 1670 288 1707 deinde
307 1672 510 1718 exercitus,
531 1672 598 1721 qui
616 1673 658 1708 in
677 1672 854 1708 Africam
874 1676 1107 1721 portaretur,
1124 1674 1323 1712 scribitur:

151 1733 385 1781 stipendium
423 1736 585 1785 aliaque,
624 1748 722 1784 quae
758 1736 859 1772 bello
897 1735 984 1771 usui
1021 1736 1161 1782 forent,
1200 1737 1325 1774 decer-

149 1800 305 1834 nuntur.

226 1862 434 1898 XXVIII.
493 1862 551 1898 At
569 1862 597 1899 J
600 1862 768 1910 ugurtha
795 1866 929 1898 contra
959 1876 1064 1911 spem
1097 1864 1239 1900 nuncio
1266 1878 1324 1901 ac-

148 1930 269 1975 cepto,
289 1927 431 1975 quippe
459 1927 521 1962 cui
545 1926 693 1963 Romae
721 1927 850 1963 omnia
879 1940 1020 1963 venum
1050 1927 1105 1963 ire
1128 1928 1168 1963 in
1194 1929 1322 1965 animo

146 1990 333 2035 haeserat,
354 1990 475 2025 filium
496 1994 535 2026 et
554 2004 640 2027 cum
670 2004 713 2027 eo
742 1991 818 2027 duo
846 1991 1057 2027 familiares
1076 1991 1124 2029 ad
1144 1998 1320 2031 senatum

146 2054 291 2102 legatos
310 2053 455 2099 mittit;
484 2053 619 2102 hisque
639 2058 684 2090 ut
708 2054 796 2099 illis,
824 2067 919 2102 quos
949 2054 1176 2103 Hiempsale
1205 2057 1321 2093 inter-

144 2117 246 2154 fecto
264 2117 432 2162 miserat,
453 2118 658 2166 praecepit,
681 2122 841 2154 “omnes
867 2119 1047 2155 mortales
1075 2121 1238 2167 pecunia
1258 2135 1321 2170 ag·

144 2181 402 2230 grediantur.⁷’
458 2181 534 2226 Qui
560 2186 763 2230 postquam
788 2181 952 2218 Romam
972 2183 1234 2221 adventabant
1267 2199 1307 2223 se
