1502 2449
470 139 602 177 SALL
612 139 675 178 US
677 140 737 177 TI
736 140 762 177 I
799 140 863 178 CA
871 139 1075 180 TILINA.
1342 140 1363 178 ἰ’

188 238 275 274 dius
293 239 462 275 revocati
480 239 581 276 bello
608 243 860 287 excesserant,
883 253 998 290 quam
1025 241 1092 289 qui
1118 241 1227 289 signa
1252 241 1366 277 relin-

188 315 305 352 quere
324 307 393 339 aut
411 304 513 352 pulsi
536 305 618 341 1000
643 305 776 342 cedere
801 306 886 342 ausi
910 310 1048 353 erant,
1075 306 1118 342 in
1142 319 1235 355 pace
1261 319 1363 352 vero,

188 368 290 416 quod
325 368 518 405 beneficiis
551 382 666 418 quam
700 374 808 407 metu
840 371 1046 419 imperium
1079 371 1291 419 agitabant,
1327 375 1366 406 et

187 437 343 481 accepta
361 434 505 482 injuria
523 435 718 483 ignoscere
737 448 853 484 quam
873 436 1050 485 persequi
1069 436 1274 473 malebant.

266 497 318 534 X.
376 497 451 534 Sed
466 498 534 534 ubi
553 499 682 535 labore
697 504 813 548 atque
826 501 984 549 justitia
998 501 1215 550 respublica
1230 501 1362 546 crevit,

186 573 293 610 reges
329 563 460 610 magni
492 563 592 599 bello
629 563 777 611 domiti,
811 565 986 602 nationes
1018 565 1123 602 ferae
1156 569 1196 602 et
1232 565 1365 614 populi

186 626 362 675 ingentes
381 627 421 663 vi
441 628 600 674 subacti,
622 628 826 678 Carthago,
844 629 996 665 aemula
1014 630 1169 679 imperii
1184 630 1362 675 Romani,

185 693 234 728 ab
267 693 386 741 stirpe
418 693 580 741 interiit,
616 698 754 730 cuncta
784 695 906 730 maria
937 699 1138 744 terraeque
1165 695 1362 744 patebant,

186 758 333 807 saevire
349 758 534 805 Fortuna,
550 772 593 795 ac
607 759 763 795 miscere
776 759 916 805 onmia,
931 759 1066 808 coepit.
1117 759 1193 803 Qui
1205 759 1362 803 labores,

185 824 366 872 pericula,
393 824 530 860 dubias
558 828 674 873 atque
699 837 851 872 asperas
876 836 936 860 res
958 824 1068 860 facile
1091 824 1361 869 toleraverant,

185 889 233 925 iis
265 889 399 933 otium,
434 888 604 934 divitiae,
635 889 824 937 optandae
853 888 949 934 aliis,
979 888 1088 924 oneri
1114 888 1364 936 miseriaeque

185 954 303 991 fuere.
361 954 490 1002 Igitur
511 954 636 1002 primo
661 954 857 1002 pecuniae,
886 953 1024 989 deinde
1049 953 1201 1002 imperii
1226 953 1364 1002 cupido

184 1019 331 1066 crevit,
374 1031 418 1055 ea
455 1019 566 1067 quasi
597 1019 777 1055 materies
809 1019 984 1055 omnium
1020 1018 1210 1054 malorum
1242 1018 1360 1054 fuere.

185 1082 366 1132 Namque
392 1083 558 1125 avaritia
584 1083 712 1128 fidem,
742 1083 989 1131 probitatem,
1014 1087 1234 1131 ceterasque
1261 1086 1364 1118 artes

183 1148 303 1183 bonas
321 1147 514 1183 subvertit
529 1160 540 1193 3
565 1159 635 1195 pro
654 1146 714 1183 his
734 1147 963 1195 superbiam,
979 1147 1256 1193 crudelitatem,
1275 1147 1364 1183 deos

182 1211 387 1260 negligere,
404 1210 534 1247 omnia
548 1211 701 1247 venalia
719 1211 871 1257 habere,
889 1211 1041 1248 edocuit
1054 1226 1064 1259 3
1089 1212 1249 1248 ambitio
1269 1212 1363 1248 mul-

183 1279 245 1312 tos
264 1275 445 1312 mortales
464 1275 578 1311 falsos
598 1274 682 1310 fieri
700 1275 854 1324 subegit
867 1288 877 1322 5
903 1275 1010 1311 aliud
1031 1276 1202 1312 clausum
1222 1276 1264 1312 in
1283 1289 1364 1324 pec-

182 1345 277 1387 tore,
318 1340 426 1377 aliud
461 1340 504 1376 in
539 1340 673 1388 lingua
710 1343 933 1389 promptum
969 1339 1133 1387 11311010,-
1175 1340 1364 1376 amicitias

182 1405 482 1454 inimicitiasque
507 1417 586 1441 non
606 1417 654 1440 ex
681 1417 723 1440 re
749 1404 815 1441 sed
842 1417 891 1440 ex
919 1404 1115 1440 commodo
1135 1404 1339 1440 aestimare
1353 1417 1362 1450 3

182 1471 380 1519 magisque
424 1469 580 1506 vultum
625 1482 740 1518 quam
784 1469 984 1518 ingenium
1023 1469 1167 1505 bonum
1210 1469 1358 1506 habere.

184 1536 294 1572 Haec
322 1535 447 1584 primo
479 1534 685 1583 paullatim
714 1546 890 1579 crescere,
922 1533 1119 1569 interdum
1147 1533 1361 1570 vindicari:

182 1604 278 1649 post,
312 1599 382 1636 ubi
418 1599 595 1647 contagio
633 1597 743 1647 quasi
779 1597 1001 1646 pestilentia
1038 1597 1192 1645 invasit,
1229 1598 1363 1634 civitas

182 1665 412 1711 immutata3
459 1664 666 1712 imperium
713 1677 760 1700 ex
799 1663 1016 1712 justissimo
1059 1666 1176 1711 atque
1217 1663 1362 1711 optimo

182 1728 335 1765 crudele
354 1728 719 1776 intolerandumque
738 1727 894 1764 factum.

261 1793 338 1832 XI.
396 1793 472 1830 Sed
508 1793 633 1841 primo
665 1793 788 1841 magis
826 1792 997 1838 ambitio,
1031 1804 1146 1840 quam
1184 1790 1359 1836 avaritia,

181 1857 332 1895 animos
351 1857 552 1893 hominum
572 1857 796 1904 exercebat3
826 1857 930 1906 quod
955 1860 1084 1892 tamen
1113 1856 1255 1892 vitium
1279 1868 1363 1904 pro-

180 1923 268 1972 pius
283 1922 469 1958 virtutem
489 1925 582 1958 erat.
631 1922 736 1957 Nam
755 1922 928 1970 gloriam,
945 1921 1138 1966 honorem,
1156 1920 1362 1969 imperium

180 1989 304 2025 bonus
324 1991 363 2024 et
382 1987 545 2035 ignavus
561 1999 679 2036 aeque
695 1987 769 2022 sibi
789 1990 996 2035 exoptant,
1025 1986 1091 2022 sed
1110 1986 1176 2022 ille
1190 1999 1283 2022 vera
1298 1985 1362 2021 via

181 2053 333 2099 nititur,
357 2053 447 2089 huic
463 2052 554 2101 quia
572 2053 696 2088 bonae
719 2055 821 2088 artes
847 2051 997 2097 desunt,
1025 2050 1122 2087 dolis
1150 2054 1266 2099 atque
1294 2049 1361 2085 fal-

180 2118 287 2155 laciis
324 2118 533 2155 contendit.
592 2117 775 2153 Avaritia
811 2116 996 2165 pecuniae
1028 2116 1201 2152 studium
1231 2114 1359 2160 habet,

180 2196 297 2232 quam
333 2196 446 2220 nemo
483 2183 634 2232 sapiens
674 2181 897 2231 concupivit
910 2195 920 2228 3
967 2194 1011 2217 ea
1051 2181 1162 2230 quasi
1204 2179 1361 2216 venenis

181 2249 293 2285 malis
325 2248 477 2285 imbuta
509 2260 646 2297 corpus
674 2247 924 2296 animumque
957 2246 1110 2283 virilem
1143 2245 1360 2282 effeminat:
