1543 2449
168 77 218 115 76
444 78 743 117 SALLUSTII
776 79 1080 117 JUGURTJJA.

137 214 142 218 ῃ
164 178 281 214 quam
307 167 564 203 occultissime
590 169 719 215 potest
743 178 830 202 cum
856 166 1034 202 omnibus
1061 165 1180 214 copiis
1202 164 1348 215 opperi-

164 234 239 267 tur.
299 231 373 268 Sed
405 232 471 268 ubi
499 231 580 267 dies
609 231 746 279 coepit,
775 234 816 266 et
844 230 1051 275 Numidae,
1081 230 1180 266 nihil
1207 230 1348 267 hostile

165 299 393 341 metuentes,
414 295 529 331 multi
551 294 692 343 oppido
711 293 864 342 egressi,
884 297 1042 342 repente
1068 306 1220 330 omnem
1246 294 1349 342 equi-

164 363 304 404 tatum,
328 363 369 395 et
393 372 479 395 cum
506 359 566 395 his
591 358 850 395 velocissimos
874 358 1024 406 pedites
1050 370 1165 394 cursu
1190 358 1349 394 tendere

165 423 214 459 ad
251 422 415 471 Capsam
453 426 493 459 et
528 426 659 471 portas
696 421 882 466 obsidere,
916 421 1051 468 jubet3
1091 421 1230 457 deinde
1266 421 1348 470 ipse

164 487 340 523 intentus
365 499 525 535 propere
545 486 665 534 sequi,
686 498 811 534 neque
836 485 981 521 milites
1005 484 1184 533 praedari
1209 485 1344 521 sinere.

166 551 274 595 Quae
299 556 503 600 postquam
529 550 713 599 oppidani
739 562 962 598 cognovere,
982 561 1044 585 res
1069 549 1255 597 trepidae,
1274 562 1350 585 me-

165 618 229 650 tus
258 615 404 663 ingens,
434 615 579 650 malum
607 613 873 662 improvisum,
903 612 952 648 ad
984 612 1056 648 1100
1089 625 1178 661 pars
1206 613 1349 648 civium

165 680 277 713 extra
309 677 461 713 moenia
490 677 532 712 in
564 676 734 712 hostium
767 679 973 724 potestate,
1003 681 1171 723 coegere,
1201 675 1261 711 uti
1289 675 1350 711 de—

165 740 352 777 ditionem
371 740 555 777 facerent.
614 739 795 776 Ceterum
816 739 1001 788 oppidum
1020 739 1239 785 incensum3
1268 738 1350 774 Nu-

165 805 291 841 midae
327 805 492 854 puberes
529 803 751 850 interfecti;
789 803 856 839 alii
893 815 1026 839 omnes
1063 815 1207 838 venum
1244 801 1350 847 dati3

164 869 309 918 praeda
335 869 526 905 militibus
554 868 689 904 divisa.
748 867 797 903 Id
825 867 978 903 facinus
1007 870 1142 902 contra
1165 865 1230 913 jus
1258 865 1350 901 belli

165 948 244 971 non
276 935 442 971 avaritia
473 947 597 982 neque
630 933 771 969 scelere
804 932 973 968 consulis
1009 931 1220 967 admissum
1236 943 1246 976 3
1283 929 1350 966 sed

165 1000 257 1049 quia
274 1000 381 1036 locus
399 998 426 1035 J
430 998 620 1046 ugurthae
640 1000 892 1045 opportunus,
909 995 1021 1031 nobis
1040 995 1151 1031 aditu
1171 993 1349 1039 difficilis,

165 1077 286 1112 genus
310 1063 511 1100 hominum
537 1062 690 1107 mobile,
719 1061 895 1106 infidum,
922 1073 1047 1109 neque
1076 1059 1262 1095 beneficio
1289 1071 1352 1095 ne-

165 1140 240 1177 que
258 1131 366 1163 metu
386 1126 605 1163 coercitum.

245 1190 378 1227 XCII.
437 1189 649 1238 Postquam
681 1192 833 1225 tantam
865 1200 946 1223 rem
980 1186 1132 1223 Marius
1162 1185 1245 1221 sine
1273 1185 1352 1221 ullo
1385 1184 1388 1188 “

167 1268 324 1292 suorum
350 1254 593 1291 incommodo
618 1253 802 1302 patravit,
823 1264 986 1300 magnus
1006 1255 1047 1287 et
1071 1252 1197 1287 clarus
1223 1255 1351 1296 antea,

167 1320 291 1368 maj0r
327 1323 368 1355 et
404 1318 542 1355 clarior
578 1318 713 1354 haberi
750 1317 884 1366 coepit.
949 1316 1102 1362 Omnia,
1141 1329 1220 1352 nou
1255 1317 1353 1352 bene

169 1384 346 1421 consulta
377 1383 502 1429 modo,
532 1396 668 1419 verum
701 1382 819 1418 ctiam
848 1394 939 1417 casu
972 1381 1065 1417 data
1096 1381 1139 1417 in
1166 1382 1353 1417 virtutem

168 1449 448 1495 trahebantur,
485 1447 640 1492 milites,
675 1446 850 1482 modesto
882 1445 1045 1494 imperio
1077 1445 1202 1481 habiti
1239 1446 1355 1482 simul

167 1517 208 1550 et
231 1513 453 1561 locupletes,
474 1511 523 1548 ad
550 1511 698 1547 caelum
719 1510 844 1557 ferre,
874 1509 1072 1545 Numidae
1095 1509 1218 1557 magis
1238 1522 1353 1558 quam

167 1577 370 1614 mortalem
395 1576 555 1622 timere3
583 1579 778 1624 postremo
797 1586 942 1619 omne-S,
963 1573 1056 1610 socii
1075 1577 1191 1623 atque
1211 1574 1352 1619 hostes,

168 1642 334 1687 credere,
364 1641 423 1677 illi
454 1644 524 1677 aut
559 1643 729 1676 mentem
763 1639 937 1675 divinam
970 1651 1063 1684 esse,
1093 1643 1164 1675 aut
1195 1639 1354 1676 deorum

168 1711 270 1743 nutu
298 1709 439 1742 cuncta
465 1704 654 1754 portendi.
714 1703 790 1740 Sed
819 1703 964 1749 consul,
994 1703 1063 1740 ubi
1095 1716 1140 1740 ea
1167 1716 1228 1740 res
1256 1704 1355 1740 bene

169 1770 312 1815 evenit,
341 1769 390 1805 ad
427 1769 504 1805 alia
539 1767 682 1817 oppida
717 1767 856 1816 pergit,
888 1779 1012 1815 pauca
1048 1767 1355 1815 repugnantibus

169 1834 355 1871 Numidis
391 1833 507 1882 capit,
545 1833 669 1882 plura,
707 1831 861 1868 deserta
897 1834 1057 1879 propter
1103 1830 1354 1879 Capsensium

170 1898 355 1943 miserias,
388 1897 470 1945 igni
507 1895 741 1944 corrumpit:
780 1895 889 1930 luctu
925 1898 1042 1943 atque
1080 1894 1194 1930 caede
1227 1895 1357 1931 omnia

171 1962 423 2011 complentur.
482 1961 662 2009 Denique
689 1959 825 1996 multis
852 1958 945 1995 locis
973 1958 1133 2007 potitus,
1158 1971 1201 1994 ac
1226 1958 1357 2007 pleris-

171 2041 247 2077 que
283 2027 458 2064 exercitu
495 2027 711 2071 incruento,
741 2025 858 2061 aliam
895 2036 976 2060 rem
1014 2023 1249 2072 aggreditur,
1278 2036 1356 2060 non

172 2090 307 2128 eadem
326 2091 547 2139 asperitate,
564 2103 641 2139 qua
656 2088 921 2138 Capsensium,
935 2090 1106 2123 ceterum
1125 2086 1229 2123 haud
1248 2099 1356 2124 secus

173 2155 377 2192 difficilem.
436 2154 617 2203 Namque
644 2153 749 2190 haud
779 2152 892 2201 longe
920 2165 943 2189 a
968 2151 1127 2188 flumine
1155 2150 1355 2198 Mulucha,
