1543 2449
381 120 677 159 SALLUSTJI
709 118 812 156 JUG
823 117 1018 155 UM‘HA.
1243 118 1290 154 29

117 222 185 259 ego
204 221 283 254 vos,
305 208 487 253 Quirites,
508 207 652 252 hortor,
674 210 718 242 ut
743 206 888 243 malitis
913 205 1016 241 cives
1041 207 1189 241 vestros
1212 217 1293 252 per-

117 286 259 323 peram,
288 285 403 321 quam
431 275 534 308 recte
563 271 709 316 fecisse,
740 269 806 306 sed
838 282 887 306 ne
919 268 1150 317 ignoscendo
1182 268 1294 304 malis

117 339 236 374 bonos
272 335 468 386 perditum
503 335 611 371 eatis.
669 334 736 370 Ad
773 334 844 370 hoc
874 333 915 369 in
944 332 1142 381 republica
1170 332 1295 367 multo

117 404 289 450 praestat
317 399 494 436 beneficii
531 412 646 448 quam
683 398 862 434 maleficii
898 398 1159 433 immemorem
1190 409 1293 432 esse:

117 465 240 517 bonus
267 463 537 499 tantummodo
565 462 717 511 segnior
743 463 789 498 fit
811 462 878 498 ubi
903 462 1085 509 negligas,
1106 464 1147 497 at
1171 460 1296 496 malus

117 529 335 578 improbior.
394 528 460 565 Ad
483 527 555 564 hoc
584 528 616 564 si
644 527 808 576 injuriae
834 540 913 563 non
940 527 1030 572 sint,
1050 525 1155 562 haud
1185 538 1296 574 saepe
1350 519 1353 521 ⁵

118 593 256 629 auxilii
274 592 418 640 egeas.’'

197 655 382 694 XXXII.
442 656 553 692 Haec
581 659 697 704 atque
725 655 801 691 alia
819 654 1093 703 hujuscemodo
1114 666 1225 702 saepe
1245 653 1298 689 di-

119 721 240 757 cendo
269 720 479 757 Memmius
516 720 658 769 populo
694 719 912 767 persuadet,
942 718 1001 754 uti
1047 718 1089 754 L.
1131 717 1297 761 Cassius,

119 786 186 834 qui
204 790 288 822 tum
308 789 462 834 praetor
487 788 581 829 erat,
602 783 651 819 ad
679 782 917 831 Jugurtham
943 783 1177 828 mitteretur,
1198 795 1299 818 eum-

120 863 193 898 que
229 850 459 898 interposita
494 849 569 884 fide
605 848 772 897 publica,
804 847 969 884 Romam
1000 847 1182 894 duceret3
1223 860 1299 896 quo

120 913 284 958 facilius,
304 911 447 948 indicio
475 911 586 959 regis,
609 911 745 947 Scauri
772 914 812 947 et
840 911 1088 959 reliquorum,
1116 923 1211 958 quos
1239 923 1299 959 pe-

121 977 256 1012 cuniae
285 980 419 1024 captae
447 975 701 1019 arcessebant,
728 974 871 1010 delicta
897 974 1135 1022 patefierent.
1194 973 1298 1009 Dum

121 1040 213 1075 haec
233 1040 380 1075 Romae
399 1042 598 1087 geruntur,
619 1038 686 1086 qui
705 1038 747 1073 in
766 1037 956 1074 Numidia
981 1037 1107 1073 relicti
1126 1050 1149 1073 a
1168 1037 1301 1073 Bestia

121 1103 308 1139 exercitui
344 1105 561 1151 praeerant,
600 1101 723 1137 secuti
759 1114 904 1138 morem
946 1101 1191 1150 imperatoris
1228 1102 1299 1147 sui,

121 1165 287 1213 plurima
305 1169 345 1201 et
363 1164 662 1212 flagitiosissima
689 1163 863 1200 facinora
885 1163 1018 1200 fecere.
1078 1164 1214 1210 Fuere,
1235 1164 1302 1212 qui

121 1241 214 1265 auro
245 1228 416 1277 corrupti
453 1227 678 1276 elephantos
714 1227 935 1275 Jugurthae
972 1227 1193 1274 traderent,
1236 1227 1300 1263 alii

121 1292 301 1341 perfugas
328 1291 518 1338 vendere3
555 1304 644 1340 pars
672 1305 721 1328 ex
748 1292 896 1340 pacatis
923 1292 1086 1341 praedas
1113 1292 1300 1340 agebant:

122 1361 233 1393 tanta
251 1356 310 1392 vis
338 1356 525 1392 avaritiae
550 1356 592 1391 in
617 1356 765 1392 animos
793 1369 938 1401 eorum,
959 1356 1083 1392 veluti
1107 1357 1228 1401 tabes,
1248 1356 1303 1392 in-

123 1423 284 1456 vaserat.
343 1420 403 1456 At
429 1419 595 1465 Cassius,
616 1420 766 1468 perlata
794 1421 992 1468 rogatione
1012 1434 1034 1456 a
1054 1421 1093 1457 O.
1118 1421 1304 1457 Memmio

123 1497 167 1520 ac
189 1484 366 1533 perculsa
394 1484 500 1520 omni
524 1484 740 1529 nobilitate,
761 1484 811 1520 ad
838 1485 866 1521 J
869 1484 1076 1532 ugurtham
1101 1485 1304 1533 proficisci-

124 1553 188 1584 tur
201 1562 210 1595 3
248 1549 359 1597 eique
387 1548 524 1584 timido
552 1552 591 1584 et
619 1561 668 1584 ex
696 1549 931 1584 conscientia
957 1549 1158 1585 diffidenti
1189 1550 1304 1585 rebus

124 1613 203 1649 suis
221 1612 427 1661 persuadet
441 1626 449 1649 ;
480 1616 501 1632 “
515 1613 696 1661 quoniam
712 1626 751 1649 se
770 1613 913 1661 populo
929 1613 1106 1649 Romano
1122 1614 1302 1659 dedisset,

124 1690 172 1713 ne
209 1677 288 1713 vim
325 1690 441 1725 quam
478 1677 779 1713 misericordiam
817 1678 899 1725 ejus
936 1678 1105 1726 experiri
1136 1678 1303 1714 mallet.''

125 1741 315 1777 Privatim
340 1745 539 1789 praeterea
560 1741 674 1777 fidem
705 1755 813 1777 suam
842 1742 1068 1790 interponit,
1095 1754 1210 1790 quam
1239 1742 1304 1777 ille

125 1817 203 1840 non
221 1804 380 1840 minoris
399 1818 513 1853 quam
533 1805 726 1853 publicam
750 1805 937 1842 ducebat:
967 1806 1056 1841 talis
1081 1818 1126 1841 ea
1144 1809 1305 1854 tempes-

126 1872 206 1903 tate
225 1867 330 1903 fama
348 1867 395 1904 de
416 1868 546 1904 Cassio
566 1873 658 1904 erat.

203 1932 413 1968 XXXIII.
473 1932 601 1981 Igitur
627 1933 655 1969 J
658 1933 826 1981 ugurtha
851 1937 986 1969 contra
1013 1933 1129 1969 decus
1157 1933 1304 1982 regium

126 1996 236 2032 cultu
268 2009 384 2044 quam
416 1997 584 2033 maxime
614 1997 824 2033 miserabili
853 2010 939 2033 eum
978 1997 1109 2033 Cassio
1139 1996 1303 2033 Romam

127 2060 235 2096 venit
248 2074 257 2106 3
286 2073 330 2096 ac
355 2061 511 2096 tametsi
536 2061 578 2096 in
603 2061 685 2109 ipso
711 2073 851 2109 magna
876 2061 935 2096 vis
960 2060 1080 2096 animi
1105 2063 1199 2106 erat,
1221 2073 1306 2096 con-

127 2123 303 2160 firmatus
340 2124 388 2160 ab
426 2124 616 2169 omnibus,
648 2136 810 2172 quorum
847 2124 1023 2172 potentia
1059 2127 1129 2159 aut
1165 2123 1306 2160 scelere

127 2192 267 2224 cuncta
294 2201 339 2224 ea
365 2192 546 2236 gesserat,
575 2201 673 2237 quac
701 2201 818 2237 supra
845 2188 1026 2234 diximus,
1048 2188 1087 2225 O.
1118 2187 1304 2224 Baebium
