1543 2449
367 114 666 153 SALLUSTII
696 114 1004 152 JUGURTIIA.
1224 115 1272 153 37

92 215 136 239 ea
154 200 317 238 Victoria
338 200 521 236 nobilitas
547 213 596 237 ex
620 200 795 236 lubidine
818 213 888 237 sua
913 213 993 245 usa,
1014 200 1158 237 multos
1177 214 1275 237 mor-

91 265 187 301 tales
214 264 317 300 ferro
345 268 414 300 aut
441 264 535 312 fuga
567 264 781 310 exstinxit3
813 264 977 313 plusque
1009 264 1052 300 in
1080 265 1272 313 reliquum

91 328 164 365 sibi
195 328 346 364 timoris
374 341 489 376 quam
522 328 720 377 potentiae
748 327 908 364 addidit.
968 327 1076 372 Quae
1104 341 1164 365 res
1196 330 1273 378 ple-

90 404 252 440 rumque
284 404 443 439 magnas
473 391 651 428 civitates
683 404 837 440 pessum
870 391 1001 438 dedit3
1034 391 1127 428 dum
1159 394 1273 430 alteri

89 457 231 505 alteros
255 456 410 492 vincere
435 456 572 505 quovis
597 456 711 492 modo
730 460 771 492 et
794 456 919 492 victos
944 456 1118 492 acerbius
1139 457 1272 494 ulcisci

90 521 236 557 volunt.
295 520 370 557 Sed
396 521 443 557 de
469 521 608 557 studiis
636 521 806 569 partium
833 524 873 557 et
897 521 1075 557 omnibus
1101 522 1272 559 civitatis

90 584 260 621 moribus
292 585 325 621 si
362 585 586 634 singulatim
623 588 693 621 aut
728 597 798 634 pro
834 585 1103 633 magnitudine
1139 599 1270 635 parem

89 648 286 694 disserere,
324 653 489 697 tempus,
528 661 643 697 quam
681 661 742 685 res
779 649 971 685 maturius
1010 662 1072 686 me
1108 650 1268 688 deseret.

89 713 347 757 Quamobrem
366 714 415 750 ad
434 714 632 762 inceptum
651 714 775 750 redeo.

167 778 326 814 XLIII.
398 777 493 814 Post
528 778 627 814 Auli
663 778 799 815 foedus
841 779 1111 829 exercitusque
1147 781 1271 816 nostri

88 843 239 879 foedam
272 842 403 891 fugam
438 843 479 887 Q.
513 842 698 879 Metellus
730 847 771 880 et
802 844 857 880 M.
895 844 1061 891 Silanus,
1096 846 1271 882 consules

88 907 291 955 designati,
317 906 536 955 provincias
561 906 665 942 inter
690 919 729 943 se
755 908 1010 955 partiverant,
1032 909 1270 958 Metelloque

88 971 278 1007 Numidia
314 974 507 1016 evenerat,
542 970 621 1006 acri
653 970 737 1007 viro
771 975 810 1007 et
842 984 1076 1021 quamquam
1109 973 1271 1010 adverso

87 1037 221 1086 populi
238 1036 408 1085 partium
428 1036 533 1072 fama
551 1039 683 1073 tamen
702 1038 896 1086 aequabili
915 1042 956 1075 et
974 1039 1172 1075 inviolata.
1229 1039 1271 1076 Is

88 1101 154 1137 ubi
173 1101 340 1150 primum
360 1101 631 1150 magistratum
651 1101 846 1150 ingressus
866 1106 935 1149 est,
953 1103 1030 1140 alia
1049 1103 1178 1140 omnia
1198 1103 1271 1140 sibi

87 1178 174 1202 cum
212 1165 356 1214 collega
391 1169 511 1211 ratus,
546 1165 595 1201 ad
627 1166 784 1212 bellum,
819 1167 921 1215 quod
958 1171 1138 1216 gesturus
1174 1172 1269 1214 erat,

86 1230 258 1266 animum
295 1229 474 1265 intendit.
534 1228 664 1278 Igitur
700 1229 877 1267 diffidens
913 1231 1037 1267 veteri
1069 1232 1269 1277 exercitui,

86 1294 229 1330 milites
266 1293 443 1338 scribere,
476 1293 669 1342 praesidia
706 1294 878 1343 undique
915 1308 1116 1341 arcessere,
1150 1308 1269 1341 arma,

86 1359 175 1406 tela,
199 1372 327 1408 equos,
352 1362 392 1395 et
420 1362 547 1395 cetera
573 1359 835 1396 instrumenta
862 1360 1025 1397 militiae
1049 1373 1197 1410 parare,
1221 1361 1278 1398 ad

87 1423 157 1460 hoc
185 1426 441 1459 commeatum
470 1422 617 1458 affatim
631 1436 641 1470 3
679 1423 845 1472 denique
873 1425 1014 1470 omnia,
1044 1437 1142 1473 quae
1168 1424 1270 1461 bello

86 1488 194 1524 vario
230 1491 271 1524 et
305 1487 517 1522 multarum
554 1499 684 1523 rerum
721 1487 851 1536 egenti
888 1488 977 1524 usui
1013 1502 1095 1525 esse
1132 1490 1265 1526 solent.

87 1553 268 1590 Ceterum
296 1552 344 1589 ad
377 1565 422 1589 ea
448 1553 640 1602 patranda
668 1553 793 1590 senati
821 1554 1053 1590 auctoritate
1082 1555 1175 1591 socii
1206 1568 1271 1591 no-

86 1630 250 1666 menque
275 1617 473 1663 Latinum,
494 1621 534 1654 et
551 1630 659 1666 reges
686 1618 789 1654 ultro
808 1618 956 1654 auxilia
981 1619 1136 1656 mittere
1149 1633 1160 1667 3
1188 1633 1270 1668 pos-

86 1686 209 1717 tremo
228 1681 352 1717 omnis
378 1681 515 1718 civitas
541 1694 691 1718 summo
717 1681 847 1718 studio
872 1682 1132 1720 adnitebatur.
1192 1684 1270 1720 Ita-

86 1756 160 1792 que
179 1756 229 1780 ex
247 1745 441 1781 sententia
460 1745 639 1781 omnibus
658 1745 773 1782 rebus
792 1746 940 1794 paratis
960 1747 1268 1796 compositisque,

86 1809 128 1844 in
160 1808 389 1845 Numidiam
417 1810 674 1859 proficiscitur
701 1801 841 1858 magna
869 1823 936 1859 spe
964 1811 1120 1858 civium,
1150 1825 1268 1862 quum

86 1877 244 1922 propter
261 1874 382 1910 bonas
401 1878 514 1919 artes,
531 1878 616 1910 tum
634 1875 815 1920 maxime,
833 1875 935 1924 quod
955 1875 1159 1913 adversum
1175 1877 1271 1913 divi-

86 1937 161 1973 tias
188 1937 379 1973 invictum
408 1938 580 1974 animum
609 1939 777 1986 gerebat,
808 1942 849 1974 et
876 1939 1043 1975 avaritia
1071 1941 1269 1989 magistra-

87 2006 198 2038 tuum
211 2005 302 2038 ante
318 2001 358 2037 id
372 2006 526 2050 tempus
541 2002 582 2037 in
595 2002 784 2038 Numidia
799 2006 953 2039 nostrae
969 2015 1059 2052 opes
1074 2008 1268 2051 contusae,

86 2065 333 2114 hostiumque
352 2069 488 2102 auctae
508 2069 628 2102 erant.

165 2128 318 2166 XLIV.
378 2128 453 2165 Sed
484 2129 551 2165 ubi
580 2129 622 2165 in
650 2130 829 2167 Africam
860 2130 980 2176 venit,
1011 2132 1205 2173 exercitus
1234 2132 1270 2169 ei

87 2193 257 2230 traditur
283 2192 345 2241 Sp.
371 2193 512 2229 Albini
535 2195 775 2242 proconsulis
800 2195 915 2240 iners,
942 2195 1119 2242 imbellis,
1146 2209 1270 2246 neque
