1543 2449
228 108 276 144 66
503 107 798 145 SALLUSTII
832 108 1139 146 JUGURTHA.

225 205 333 242 reges
345 193 545 242 opperitur
552 207 562 241 3
582 194 720 230 melius
735 197 856 240 ratus,
870 195 1034 243 cognitis
1049 195 1212 241 Mauris,
1227 195 1407 244 quoniam

225 257 258 293 is
277 270 402 294 novus
420 257 543 294 hostis
562 261 786 303 accesserat,
803 271 852 294 ex
867 259 1065 295 commodo
1084 272 1253 308 pugnam
1268 259 1405 297 facere.

226 321 392 357 Interim
419 321 546 356 Roma
570 334 639 369 per
664 321 816 357 litteras
842 322 983 358 certior
1001 322 1047 358 fit
1068 323 1307 371 provinciam
1327 323 1410 360 Nu-

225 384 384 420 midiam
411 383 540 419 Mario
559 384 714 421 datam:
743 397 833 420 nam
861 386 1056 422 consulem
1075 386 1222 422 factum
1242 391 1332 422 ante
1352 399 1410 423 ac-

226 451 389 496 ceperat.
449 447 567 491 Queis
595 448 710 483 rebus
741 461 858 496 supra
886 449 1030 485 bonum
1059 453 1175 498 atque
1203 450 1409 486 honestum

225 511 435 559 perculsus,
473 523 597 559 neque
640 511 819 548 lacrimas
862 515 1007 558 tenere,
1052 526 1175 562 neque
1218 514 1410 550 moderari

226 575 420 623 linguam:
449 575 512 610 vir
539 575 714 623 egregius
742 576 784 612 in
811 576 898 612 aliis
926 577 1076 613 artibus
1101 578 1217 614 nimis
1242 579 1412 614 molliter

226 638 508 686 aegritudinem
526 639 620 687 pati.
679 639 805 684 Quam
830 653 911 676 rem
932 641 999 677 alii
1024 641 1065 677 in
1091 642 1310 690 superbiam
1330 655 1411 678 ver-

226 704 380 740 tebant:
396 703 462 739 alii
474 704 619 739 bonum
633 703 832 752 ingenium
849 706 1084 742 contumelia
1098 719 1301 742 accensum
1309 719 1390 743 esse
1401 720 1411 753 3

226 767 353 813 inulti,
374 767 477 816 quod
492 767 573 815 jam
593 771 707 816 parta
726 768 891 805 victoria
909 782 958 805 ex
976 770 1156 806 manibus
1175 770 1411 819 eriperetur3

225 832 337 868 nobis
369 831 464 868 satis
497 832 694 880 cognitum
732 836 802 878 est,
832 833 942 869 illum
970 834 1093 882 magis
1120 833 1265 870 honore
1293 834 1413 870 Marii

226 909 342 945 quam
357 896 501 944 injuria
516 909 596 943 sua,
606 897 870 933 excruciatum
876 894 1017 946 ,neq'ue
1029 902 1109 934 tam
1118 898 1233 934 anxie
1240 898 1412 934 laturum

226 960 358 1005 fuisse,
375 960 407 996 si
427 960 583 997 ademta
601 961 803 1010 provincia
822 961 888 997 alii
908 974 1023 1009 quam
1039 961 1167 997 Mario
1179 961 1409 998 traderetur.

307 1024 553 1061 LXXXIII.
613 1025 743 1073 Igitur
771 1037 815 1061 eo
843 1025 974 1061 dolore
1003 1025 1225 1074 impeditus,
1255 1029 1296 1062 et
1323 1026 1414 1074 quia

227 1088 419 1124 stultitiae
444 1088 652 1124 videbatur
678 1088 844 1124 alienam
869 1101 950 1124 rem
976 1089 1147 1137 periculo
1174 1101 1242 1125 suo
1266 1102 1412 1134 curare,

227 1152 373 1200 legatos
418 1151 467 1188 ad
514 1152 710 1188 Bocchum
747 1152 873 1188 mittit
908 1153 1171 1200 postulatum:
1210 1156 1294 1189 “nc
1331 1153 1414 1189 sine

228 1229 362 1253 caussa
381 1216 504 1252 hostis
523 1217 666 1265 populo
686 1216 863 1252 Romano
883 1217 995 1252 fieret
1006 1230 1016 1263 3
1044 1217 1185 1253 habere
1205 1220 1290 1252 tum
1312 1215 1414 1265 mag'-

227 1293 317 1316 nam
337 1280 485 1329 copiam
505 1280 700 1316 societatis
715 1280 985 1329 amicitiaeque
1000 1281 1302 1329 conjungendae,
1316 1294 1414 1330 quae

227 1344 355 1393 potior
381 1344 483 1379 bello
511 1347 634 1389 esset3
663 1356 896 1392 quamquam
925 1344 1063 1392 opibus
1091 1344 1313 1390 confideret,
1336 1357 1413 1381 non

228 1408 367 1444 debere
392 1408 542 1443 incerta
565 1417 635 1456 pro
662 1407 778 1443 certis
802 1412 954 1443 mutare
968 1422 977 1455 3
1006 1421 1118 1444 omne
1143 1409 1288 1445 bellum
1314 1409 1414 1444 sumi

228 1471 354 1517 facile,
384 1476 555 1508 ceterum
589 1471 799 1519 aegerrime
827 1471 1002 1508 desinere
1016 1486 1026 1518 3
1058 1485 1137 1508 non
1169 1472 1211 1508 in
1243 1472 1413 1520 ejusdem

229 1540 421 1585 potestate
450 1536 606 1571 initium
634 1535 717 1583 ejus
743 1538 783 1571 et
807 1535 923 1571 finem
950 1548 1053 1572 esse:
1082 1536 1252 1585 incipere
1278 1536 1414 1581 cuivis,

229 1600 346 1636 etiam
377 1600 529 1648 ignavo,
561 1599 699 1646 licere3
733 1599 886 1648 deponi,
916 1612 1036 1648 quum
1069 1600 1235 1636 victores
1267 1600 1413 1636 velint:

229 1663 390 1712 proinde
423 1663 497 1699 sibi
532 1675 726 1711 regnoque
764 1663 993 1709 consuleret,
1024 1676 1101 1700 neu
1137 1664 1319 1700 florentes
1354 1676 1416 1700 res

230 1741 318 1764 suas
347 1741 434 1764 cum
462 1727 490 1764 J
494 1727 684 1775 ugurthae
712 1726 876 1775 perditis
904 1727 1116 1764 misceret.”
1172 1727 1239 1764 Ad
1272 1740 1317 1764 ea
1345 1739 1413 1763 rex

230 1791 324 1827 satis
343 1791 493 1839 placide
511 1791 631 1827 verba
649 1790 767 1827 facit:
799 1794 915 1827 “sese
935 1804 1068 1839 pacem
1088 1804 1239 1839 cupere,
1261 1791 1327 1827 sed
1346 1791 1373 1828 J
1378 1804 1416 1827 u-

229 1855 394 1904 gurthae
409 1854 656 1891 fortunarum
676 1855 851 1891 misereri
860 1869 869 1902 3
890 1856 922 1891 si
941 1855 1074 1892 eadem
1094 1856 1152 1891 illi
1167 1856 1277 1904 copia
1293 1856 1415 1900 fieret,

230 1919 361 1955 omnia
386 1919 659 1955 conventura.⁷⁷
715 1919 869 1955 Rursus
894 1920 1105 1968 imperator
1129 1924 1265 1956 contra
1288 1923 1418 1969 postu·

231 1983 310 2019 lata
339 1983 482 2019 Bocchi
510 1983 673 2019 nuncios
700 1984 848 2020 mittit:
881 1984 947 2020 ille
976 1985 1151 2033 probare,
1179 1984 1323 2032 partim
1355 1984 1417 2020 ab·

231 2059 359 2083 nuere.
418 2047 477 2083 Eo
501 2047 615 2083 modo
641 2060 753 2099 saepe
773 2048 821 2084 ab
841 2051 1005 2096 utroque
1024 2048 1151 2084 missis
1173 2047 1418 2096 remissisque

232 2110 386 2146 nunciis
416 2114 568 2159 tempus
601 2112 819 2160 procedere,
853 2116 893 2148 et
925 2125 974 2148 ex
1011 2112 1164 2148 Metelli
1202 2112 1416 2156 voluntate,

232 2174 376 2210 bellum
396 2174 585 2210 intactum
608 2175 719 2212 trahi.
