1502 2449
389 120 524 161 SALL
536 119 690 157 USTII
723 116 997 156 CATILINA.
1242 117 1297 154 31.

107 219 210 266 teris,
228 231 348 268 quum
362 218 469 266 prius
484 230 616 253 omnes
631 217 740 265 signa
755 229 825 253 sua
839 214 1116 265 cognovissent,
1135 219 1292 252 senatus

105 283 287 329 decernit,
332 282 425 318 “uti
463 281 640 317 abdicato
681 281 911 329 magistratu
953 279 1156 324 Lentulus,
1196 279 1292 315 item

106 347 223 384 ceteri
249 347 291 383 in
318 346 450 382 liberis
478 345 662 381 custodiis
693 344 963 380 haberentur.’'
1019 343 1161 391 Itaque
1194 342 1291 378 Len-

106 412 214 448 tulus
251 410 293 446 P.
335 409 504 446 Lentulo
543 408 753 457 Spintheri,
795 408 864 456 qui
899 412 985 443 tum
1022 407 1158 443 aedilis
1196 410 1291 449 erat,

108 475 299 523 Cethegus
320 473 364 517 Q.
391 472 608 517 Cornificio,
631 472 811 508 Statilius
838 471 878 508 C.
909 471 1073 517 Caesari,
1100 470 1292 506 Gabinius

108 539 162 576 M.
200 538 345 583 Crasso,
383 536 602 585 Coeparius,
639 549 729 572 nam
764 537 796 572 is
833 536 963 585 paullo
996 539 1088 571 ante
1121 548 1168 571 ex
1200 535 1293 583 fuga

108 606 296 639 retractus
315 605 407 647 erat,
432 601 500 637 Cn.
524 600 705 636 Terentio
725 600 895 636 senatori
914 599 1132 635 traduntur.

187 665 388 702 XLVIII.
446 665 604 701 Interea
630 664 769 713 plebes,
798 663 1063 711 conjuratione
1086 662 1290 711 patefacta,

109 743 206 779 quae
234 729 359 778 primo
388 729 527 777 cupida
549 742 678 764 rerum
706 741 895 764 novarum
921 727 1036 763 nimis
1065 727 1166 763 bello
1193 728 1294 763 fave-

106 795 184 839 bat,
207 797 358 829 mutata
377 796 508 828 niente
529 792 719 828 Catilinae
738 792 898 828 consilia
917 791 1119 836 exsecrari,
1142 791 1291 828 Cicero-

107 871 195 893 nem
215 858 263 893 ad
283 856 431 893 caelum
450 856 603 902 tollere,
632 856 756 892 veluti
771 869 820 892 ex
836 856 1025 892 servitute
1040 859 1182 904 erepta,
1200 869 1291 904 gau-

108 922 216 958 dium
246 926 363 969 atque
396 920 587 955 laetitiam
624 920 808 968 agitabat,
866 919 1047 968 Namque
1085 919 1161 955 alia
1202 920 1294 955 belli

107 985 277 1022 facinora
303 983 468 1032 praedae
490 983 611 1032 magis
639 996 755 1031 quam
784 983 1018 1019 detrimento
1041 984 1138 1029 fore,
1167 983 1293 1019 incen-

108 1050 215 1085 dium
234 1060 326 1084 vero
345 1047 508 1092 crudele,
531 1047 842 1094 immoderatum,
871 1060 914 1083 ac
941 1047 1015 1083 sibi
1039 1047 1207 1083 maxime
1233 1060 1292 1083 ca-

109 1113 328 1149 lamitosum
356 1111 520 1160 putabat
530 1124 540 1157 3
573 1111 715 1160 quippe
744 1112 806 1147 cui
834 1124 965 1148 omnes
994 1111 1123 1160 copiae
1151 1111 1193 1146 in
1220 1124 1293 1147 usu

109 1176 334 1226 quotidiano
366 1180 405 1211 et
433 1175 542 1212 cultu
571 1176 740 1224 corporis
773 1180 891 1213 erant.
952 1176 1046 1212 Post
1075 1189 1163 1212 eum
1192 1176 1294 1212 diem

109 1241 265 1290 quidam
285 1240 326 1276 L.
346 1240 578 1289 Tarquinius
593 1240 642 1276 ad
661 1245 838 1276 senatum
859 1241 1047 1282 adductus
1067 1245 1161 1286 erat,
1180 1252 1293 1288 quem

109 1305 156 1341 ad
204 1304 413 1340 Catilinam
459 1304 765 1352 proficiscentem
807 1318 856 1341 ex
899 1304 1040 1341 itinere
1083 1308 1295 1340 retractum

108 1369 274 1405 aiebant.
332 1367 373 1403 Is
401 1381 487 1404 cum
517 1381 555 1404 se
584 1369 727 1405 diceret
755 1369 1018 1405 indicaturum
1047 1369 1094 1405 de
1124 1368 1295 1417 conjura-

109 1432 225 1478 tione,
247 1432 279 1467 si
298 1431 391 1467 fides
410 1432 564 1480 publica
583 1433 674 1469 data
693 1438 802 1479 esset,
820 1434 952 1481 jussus
971 1446 994 1469 a
1017 1432 1173 1469 consule
1196 1445 1294 1481 quae

109 1497 223 1532 sciret
246 1496 402 1542 edicere,
432 1497 563 1533 eadem
589 1497 670 1534 fere
698 1510 796 1546 quae
822 1497 1052 1534 Volturcius
1076 1497 1123 1532 de
1148 1497 1295 1545 paratis

109 1559 309 1606 incendiiS,
329 1560 375 1596 de
394 1561 506 1596 caede
525 1561 725 1608 bonorum,
748 1562 794 1598 de
820 1562 961 1598 itinere
986 1561 1157 1598 hostium
1185 1573 1292 1597 sena-

109 1628 195 1660 tum
220 1622 375 1659 edocet:
407 1629 605 1673 praeterea
633 1629 706 1662 “se
731 1627 892 1662 missum
917 1639 940 1662 a
965 1625 1019 1662 Μ.
1051 1625 1199 1671 Crasso,
1227 1624 1294 1673 qui

111 1687 301 1724 Catilinae
337 1688 550 1735 nunciaret,
586 1702 635 1726 ne
671 1703 759 1726 eum
797 1689 987 1725 Lentulus
1025 1692 1062 1725 et
1101 1688 1295 1736 Cethegus

111 1752 253 1800 aliique
289 1764 337 1787 ex
370 1753 635 1801 conjuratione
672 1753 900 1802 deprehensi
932 1756 1134 1798 terrerent,
1175 1765 1295 1801 eoque

112 1815 233 1863 magis
252 1820 473 1863 properaret
492 1816 541 1852 ad
559 1818 693 1854 urbem
713 1818 899 1863 accedere,
922 1830 998 1866 quo
1018 1821 1058 1853 et
1080 1820 1295 1853 ceterorum

84 1874 96 1921 1
112 1881 259 1916 animos
278 1880 460 1926 reficeret,
482 1885 521 1917 et
539 1881 598 1917 illi
617 1881 768 1918 facilius
788 1894 808 1918 e
827 1881 999 1930 periculo
1018 1880 1295 1929 eriperentur.''

114 1943 188 1980 Sed
225 1943 294 1979 ubi
334 1943 567 1992 Tarquinius
608 1945 788 1981 Crassum
831 1946 1059 1991 nominavit,
1099 1944 1294 1981 hominem

112 2007 279 2044 nobilem
310 2008 492 2043 maximis
523 2008 682 2054 divitiis,
717 2021 868 2045 summa
899 2009 1084 2057 potentia,
1117 2008 1184 2044 alii
1214 2020 1296 2044 rem

113 2072 376 2110 incredibilem
396 2072 481 2117 rati,
499 2085 597 2120 pars,
613 2076 744 2108 tamen
763 2072 836 2109 etsi
851 2085 983 2108 verum
1006 2071 1294 2116 existimabant,

113 2142 245 2178 tamen
264 2138 356 2187 quia
375 2138 415 2173 in
434 2138 504 2174 tali
525 2141 695 2187 tempore
715 2142 827 2174 tanta
845 2138 905 2174 vis
928 2138 1095 2174 hominis
1118 2137 1297 2174 lenienda

115 2214 230 2252 quam
251 2202 484 2251 exagitanda
502 2202 719 2248 videbatur,
739 2201 915 2250 plerique
942 2201 1079 2238 Crasso
1105 2213 1154 2237 ex
1180 2213 1295 2250 nego-
