1502 2449
98 154 146 190 26
379 153 514 191 SALL
524 154 649 192 USTI
647 154 675 190 I
710 153 774 192 CA
782 153 988 193 TILJNA.

96 251 372 301 rempublicam
401 252 649 301 oppressisset
662 264 672 297 3
705 264 830 300 neque
857 252 946 300 illis,
979 252 1048 302 qui
1074 251 1278 290 victoriam

96 315 228 364 adepti
245 316 381 362 forent,
410 315 559 351 diutius
585 327 630 351 ea
649 315 709 351 uti
735 315 917 363 licuisset,
939 317 1035 365 quin
1061 317 1219 354 defessis
1242 322 1281 353 et

97 380 358 428 exsanguibus
390 379 458 428 qui
483 380 569 428 plus
592 383 720 427 posset
747 379 955 428 imperium
982 385 1100 429 atque
1128 381 1281 417 liberta-

97 448 177 480 tem
206 447 464 492 extorqueret.
521 443 646 479 Fuere
674 447 805 480 tamen
836 449 947 480 extra
974 445 1282 493 conjurationem

99 508 323 557 complures,
352 509 418 557 qui
446 508 496 544 ad
526 508 737 545 Catilinam
764 508 878 545 initio
905 509 1067 557 profecti
1095 514 1186 546 sunt
1202 522 1212 555 3
1241 510 1283 545 in

99 572 160 609 his
192 573 243 608 A.
276 572 451 618 Fulvius,
487 573 676 609 senatoris
704 572 819 620 filius,
852 585 967 621 quem
994 578 1206 610 retractum
1235 586 1284 610 ex

100 637 240 672 itinere
287 649 427 685 parens
473 636 603 672 necari
648 636 779 685 jussit.
851 636 996 673 Iisdem
1045 638 1285 686 temporibus

102 700 250 736 Romae
283 700 486 746 Lentulus,
521 700 636 737 sicuti
675 701 846 737 Catilina
882 705 1138 750 praeceperat,
1174 713 1284 749 quos-

101 777 265 812 cumque
307 765 480 801 moribus
517 769 585 801 aut
622 765 783 801 fortuna
819 764 931 802 novis
971 765 1086 801 rebus
1129 764 1288 801 idoneos

102 828 292 873 credebat,
313 832 382 864 aut
401 841 468 877 per
494 842 543 875 se,
565 834 634 865 aut
660 842 728 878 per
753 829 848 865 alios
874 828 1111 865 sollicitabat
1124 842 1133 875 3
1163 841 1288 877 neque

101 893 228 930 solum
248 893 360 939 cives,
382 894 447 930 sed
467 895 651 943 cujusque
677 895 782 930 modi
807 907 928 943 genus
950 894 1164 940 hominum,
1187 893 1289 942 quod

104 957 217 993 modo
235 957 336 994 bello
356 958 444 994 usui
464 958 573 995 foret.

183 1021 269 1058 XL.
329 1021 460 1070 Igitur
493 1021 536 1058 P.
568 1022 771 1059 Umbreno
800 1023 953 1060 cuidam
981 1023 1180 1071 negotium
1209 1023 1288 1069 dat,

104 1087 165 1123 uti
184 1087 330 1135 legatos
351 1087 609 1136 Allobrogum
627 1088 811 1137 requirat,
841 1101 990 1137 eosque,
1013 1088 1046 1124 si
1069 1087 1200 1136 possit,
1223 1088 1291 1123 im-

105 1151 226 1200 pellat
253 1151 303 1188 ad
328 1152 552 1188 societatem
577 1152 670 1188 belli
682 1165 692 1198 3
722 1152 962 1197 existimans,
989 1151 1142 1200 publice
1166 1152 1290 1200 priva-

106 1216 255 1264 timque
282 1229 368 1252 aere
396 1216 521 1252 alieno
549 1229 759 1265 oppressos,
790 1220 989 1265 praeterea
1017 1216 1119 1264 quod
1148 1220 1291 1252 natura

105 1293 200 1328 gens
219 1279 368 1316 Gallica
387 1280 566 1316 bellicosa
584 1284 694 1326 esset,
712 1280 823 1316 facile
843 1293 906 1317 eos
925 1281 974 1317 ad
994 1281 1071 1316 tale
1090 1280 1292 1316 consilium

107 1344 246 1380 adduci
271 1357 388 1393 posse.
447 1345 685 1390 Umbrenus,
715 1345 818 1393 quod
846 1345 888 1380 in
916 1344 1044 1380 Gallia
1071 1345 1293 1392 negotiatus

107 1414 202 1455 erat,
219 1409 411 1458 plerisque
430 1409 671 1458 principibus
690 1409 911 1446 civitatium
930 1413 1046 1445 notus
1066 1416 1159 1454 erat,
1176 1412 1294 1456 atque

109 1486 173 1509 eos
192 1478 354 1509 noverat
366 1486 376 1519 3
405 1473 536 1522 itaque
556 1474 638 1510 sine
658 1486 775 1520 mora,
797 1474 866 1510 ubi
885 1474 1053 1522 primum
1081 1473 1227 1521 legatos
1253 1472 1296 1507 in

110 1537 192 1574 foro
221 1537 431 1586 conspexit,
462 1542 736 1586 percunctatus
765 1551 886 1587 pauca
914 1538 961 1574 (le
989 1542 1094 1574 statu
1123 1536 1295 1589 civitatis

111 1607 151 1638 et
178 1602 287 1650 quasi
315 1602 448 1638 dolens
477 1603 558 1651 ejus
586 1615 716 1639 casum
747 1603 942 1651 requirere
974 1602 1110 1650 coepit,
1145 1604 1294 1649 “quein

110 1666 261 1702 exitum
280 1667 401 1703 tantis
421 1667 532 1703 malis
552 1670 751 1715 sperarent
765 1667 804 1703 2⁷⁷
851 1666 1063 1715 Postquam
1083 1665 1169 1701 illos
1189 1664 1297 1700 videt

114 1730 259 1779 “queri
287 1730 334 1766 de
362 1731 527 1767 avaritia
559 1731 869 1779 magistratuum,
901 1742 1078 1767 accusare
1105 1732 1294 1774 senatum,

112 1795 216 1843 quod
235 1795 276 1830 in
295 1808 339 1831 eo
359 1795 497 1830 auxilii
518 1795 615 1830 nihil
637 1799 759 1841 esset,
788 1795 953 1831 miseriis
980 1794 1059 1830 suis
1084 1793 1298 1830 remedium

113 1863 277 1894 mortem
310 1865 530 1907 exspectare
549 1858 577 1895 :⁷’
628 1860 721 1895 “At
757 1860 861 1907 ego,''
898 1859 1039 1907 inquit,
1076 1857 1233 1902 “vobis,
1266 1857 1299 1893 si

114 1923 227 1959 modo
261 1923 335 1958 viri
363 1936 443 1959 esse
472 1923 602 1968 vultis
632 1923 821 1959 rationem
851 1923 1051 1959 ostendam
1079 1935 1155 1971 qua
1189 1925 1300 1958 tanta

114 1988 190 2024 ista
218 1987 320 2022 mala
343 1987 570 2035 effugiatis.”
628 1987 738 2024 Haec
766 1987 834 2023 ubi
859 1987 972 2033 dixit,
1000 1987 1231 2034 Allobroges
1258 1985 1301 2021 in

116 2051 326 2087 maximam
364 2063 470 2098 spem
507 2051 666 2087 adducti
704 2051 951 2088 Umbrenum
989 2063 1110 2095 orare,
1143 2049 1203 2085 uti
1240 2049 1302 2085 sui

118 2115 388 2161 misereretur3
417 2115 516 2151 nihil
549 2120 632 2151 tam
664 2129 845 2164 asperum
876 2128 1002 2164 neque
1034 2118 1115 2150 tam
1148 2113 1302 2150 difficile

117 2191 209 2222 esse,
231 2178 333 2226 quod
352 2191 431 2214 non
450 2179 696 2226 cupidissime
718 2179 860 2215 fircturi
886 2182 1025 2224 essent,
1053 2177 1147 2214 dum
1172 2189 1217 2213 ea
1240 2189 1301 2212 res

118 2242 318 2278 civitatem
351 2254 437 2278 aere
470 2242 596 2278 alieno
630 2243 820 2280 liberaret.
882 2243 955 2280 Ille
985 2256 1046 2280 eos
1075 2242 1116 2278 in
1144 2241 1301 2278 domum
