1502 2449
451 90 749 128 SALLUSTII
785 89 1067 128 CATILINA.
1301 91 1348 127 19

170 186 326 222 Interea
349 185 521 222 Manlius
552 187 594 222 in
625 186 785 223 Etruria
814 188 965 236 plebem
995 186 1211 233 sollicitare,
1246 199 1348 235 eges-

169 254 249 286 tate
269 250 382 286 simul
403 263 445 286 ac
465 250 594 286 dolore
613 250 778 299 injuriae
797 264 987 288 novarum
1006 264 1135 287 rerum
1156 251 1345 299 cupidam,

168 314 271 363 quod
301 314 430 350 Sullae
460 314 721 351 dominatione
752 328 861 364 agros
895 316 1070 364 bonaque
1101 315 1231 351 omnia
1258 315 1350 351 ami-

168 382 294 424 serat3
324 382 523 426 praeterea
541 378 709 415 latrones
728 380 914 428 cujusque
932 380 1096 429 generis,
1118 392 1281 428 quorum
1307 379 1345 416 in

149 454 212 478 'ea
230 442 385 490 regione
415 454 555 490 magna
585 443 694 491 copia
724 448 829 489 erat3
864 443 1068 480 nonnullos
1098 456 1147 480 ex
1180 443 1349 480 Sullanis

167 505 320 551 colonis,
343 506 482 554 quibus
501 506 633 542 lubido
653 510 769 556 atque
789 507 945 543 luxuria
963 520 1012 544 ex
1031 508 1181 556 magnis
1203 507 1349 556 rapinis

168 570 267 606 nihil
286 570 426 618 reliqui
444 570 626 607 fecerant.

247 634 410 670 XXIX.
467 634 526 670 Ea
545 647 664 683 quum
686 634 860 671 Ciceroni
880 635 1171 680 nunciarentur,
1189 635 1350 684 ancipiti

167 698 268 734 malo
287 702 495 746 permotus,
516 698 618 747 quod
637 710 762 746 neque
781 699 916 735 urbem
942 699 990 734 ab
1014 699 1167 735 insidiis
1195 699 1350 748 privato

168 762 325 798 consilio
344 762 495 810 longius
518 762 620 798 tueri
645 765 808 809 poterat,
838 775 962 810 neque
989 763 1182 799 exercitus
1208 762 1351 799 Manlii

168 831 346 875 quantus,
368 830 437 862 aut
466 838 542 874 quo
571 825 729 862 consilio
757 826 865 871 foret,
897 826 991 862 satis
1018 830 1256 875 compertum
1287 826 1351 862 ha-

168 892 292 937 bebat,
314 904 395 927 rem
415 891 462 926 ad
482 893 658 926 senatum
678 890 804 935 refert,
832 891 914 939 jam
941 895 1057 927 antea
1082 891 1190 939 vulgi
1221 904 1349 927 rumo-

167 954 273 990 ribus
291 954 536 1002 exagitatam.
593 953 743 1002 Itaque,
772 954 875 1002 quod
903 954 1130 1003 plerumque
1159 955 1201 990 in
1227 956 1348 991 atroci

166 1019 321 1068 negotio
352 1019 458 1065 solet,
494 1022 650 1054 senatus
681 1018 852 1055 decrevit
884 1029 1042 1055 DARENT
1073 1030 1234 1055 OPERAM
1261 1030 1350 1055 CON-

167 1093 285 1119 SULES
311 1093 363 1118 ΝΕ
390 1093 488 1125 QUID
514 1093 757 1118 RESPUBLICA
776 1093 1023 1118 DETRIMENT1
1050 1093 1234 1118 CAPERET.
1292 1082 1351 1118 Ea

159 1147 333 1195 potestas
370 1160 438 1196 per
478 1151 665 1192 senatum,
713 1159 817 1182 more
866 1146 1054 1191 Romano,
1106 1146 1350 1194 magistratui

166 1211 335 1247 maxima
354 1211 596 1260 permittitur
603 1225 613 1259 ,-
643 1211 856 1247 exercitum
876 1223 1020 1259 parare,
1044 1210 1190 1246 bellum
1204 1223 1347 1259 gerere,

165 1290 335 1313 coercere
381 1277 559 1313 omnibus
597 1277 721 1313 modis
758 1277 878 1312 socios
915 1279 1032 1325 atque
1070 1277 1197 1323 cives3
1244 1275 1350 1312 domi

166 1340 405 1389 militiaeque
419 1341 624 1389 imperium
639 1345 754 1389 atque
770 1340 960 1389 judicium
977 1353 1171 1376 summum
1191 1339 1349 1376 habere:

166 1405 290 1450 aliter,
312 1405 394 1441 sine
414 1405 547 1453 populi
568 1405 692 1453 jussu,
709 1405 854 1441 nullius
883 1417 1016 1441 earum
1043 1417 1174 1440 rerum
1202 1404 1349 1440 consuli

161 1469 228 1518 jus
249 1473 315 1505 est.

243 1532 380 1568 XXX.
440 1532 535 1569 Post
562 1546 702 1581 paucos
730 1533 811 1570 dies
845 1532 886 1570 L.
925 1532 1087 1569 Saenius
1125 1536 1279 1568 senator
1308 1531 1350 1567 in

165 1600 303 1632 senatu
331 1596 481 1632 litteras
518 1597 708 1642 recitavit,
748 1610 842 1645 quas
879 1597 1054 1634 Faesulis
1091 1597 1239 1633 adlatas
1277 1595 1351 1632 sibi

165 1660 342 1707 dicebat3
369 1659 411 1696 in
438 1660 577 1708 quibus
605 1661 791 1709 scriptum
820 1665 914 1707 erat,
945 1660 984 1698 C.
1017 1660 1214 1697 Manlium
1243 1672 1349 1696 arma

165 1724 318 1772 cepisse,
376 1736 462 1760 cum
509 1737 649 1773 magna
694 1725 958 1770 multitudine,
1007 1730 1098 1761 ante
1145 1724 1246 1760 diem
1292 1735 1345 1761 VI.

165 1787 367 1823 Kalendas
394 1788 645 1825 Novembres.
703 1788 838 1835 Simul,
877 1789 918 1825 id
955 1788 1056 1837 quod
1102 1788 1145 1824 in
1189 1788 1261 1824 tali
1307 1801 1349 1824 re

164 1851 272 1897 solet,
303 1851 372 1887 alii
399 1855 582 1902 portenta
605 1855 722 1901 atque
758 1852 933 1901 prodigia
970 1852 1234 1899 nunciabant3
1281 1851 1348 1888 alii

164 1919 378 1951 conventus
397 1915 490 1961 fieri,
513 1903 619 1951 arma
637 1916 795 1964 portari,
820 1915 973 1964 Capuae
996 1920 1112 1964 atque
1138 1916 1180 1952 in
1198 1915 1348 1964 Apulia

164 1979 303 2015 servile
340 1979 485 2015 bellum
530 1979 686 2015 moveri.
756 1979 886 2027 Igitur
931 1979 1055 2016 senati
1101 1979 1254 2016 decreto
1301 1979 1345 2023 Q.

165 2042 338 2079 Marcius
383 2043 472 2079 Rex
518 2043 712 2086 Faesulas,
760 2043 806 2087 Q.
849 2043 1034 2080 Metellus
1085 2043 1260 2080 Creticus
1305 2042 1348 2078 in

164 2107 352 2155 Apuliam
389 2107 609 2155 circumque
641 2120 686 2143 ea
722 2107 805 2143 loca
841 2106 972 2144 missi:
1018 2107 1060 2144 hi
1096 2107 1253 2156 utrique
1298 2107 1348 2142 ad

164 2170 300 2207 urbem
326 2171 578 2220 imperatores
607 2174 727 2219 erant,
759 2171 937 2220 impediti
973 2184 1023 2208 ne
1059 2171 1348 2220 triumpharent

1139 2246 1159 2271 ί)
1218 2246 1239 2271 0

1139 2268 1239 2282 Λάμια
