1543 2449
314 116 363 153 14
576 115 709 155 SALL
720 115 870 153 USTH
903 115 1211 165 JUGURTJJA.

312 212 410 248 quae
427 212 489 237 me
506 204 700 249 premunt,
716 212 920 237 aerumnas
939 211 1026 236 cum
1038 200 1168 236 anima
1186 199 1300 237 simul
1313 200 1494 238 amisisti.-

313 264 373 300 At
399 277 469 313 ego
493 264 644 310 infelix,
663 264 705 300 in
732 267 845 300 tanta
868 263 971 299 mala
994 264 1271 312 praecipitatus
1296 277 1345 300 ex
1363 264 1490 313 patrio

312 340 441 376 regno,
461 341 589 364 rerum
609 327 866 363 humanarum
895 327 1157 375 spectaculum
1175 328 1352 376 praebeo,
1371 327 1491 365 incer-

312 394 376 427 tus
395 390 489 439 quid
508 403 618 438 agam
634 403 644 437 5
672 394 810 426 tuasne
830 389 993 438 injurias
1011 403 1231 439 persequar,
1252 391 1334 440 ipse
1353 391 1491 428 auxilii

312 467 438 503 egens,
454 467 505 490 an
523 466 640 502 regno
653 454 863 499 consulam,
880 454 990 502 cujus
1004 454 1108 490 vitae
1127 454 1307 503 necisque
1320 458 1491 504 potestas

311 531 361 554 ex
379 518 516 567 opibus
534 517 670 554 alienis
688 517 841 566 pendet.
900 517 1064 554 Utinam
1078 518 1197 554 emori
1215 518 1383 555 fortunis
1394 518 1490 555 meis

311 582 496 619 honestus
524 582 653 618 exitus
681 585 792 627 esset,
813 593 889 617 neu
912 581 1001 629 jure
1030 584 1247 618 contemtus
1275 581 1438 628 viderer,
1458 582 1492 619 si

312 645 484 683 defessus
496 646 608 682 malis
621 645 785 694 injuriae
799 645 1077 681 concessissem.
1100 645 1218 682 Nunc
1230 658 1354 694 neque
1361 646 1492 683 vivere

312 710 431 756 lubet,
447 722 571 759 neque
585 710 683 746 mori
698 710 789 746 licet
803 709 885 746 sine
897 709 1091 746 dedecore.
1123 709 1260 746 Patres
1272 709 1489 758 conscripti,

310 786 380 822 per
411 786 491 819 vos,
520 786 589 823 per
617 774 757 810 liberos
789 777 905 822 atque
933 777 1124 822 parentes,
1153 786 1223 822 per
1249 773 1490 821 majestatem

311 835 445 884 populi
465 835 644 881 Romani,
666 835 869 872 subvenite
887 835 1026 871 misero
1046 835 1141 871 mihi
1154 848 1165 881 3
1193 835 1247 871 ite
1265 835 1418 872 obviam
1437 835 1491 872 in-

307 899 434 947 juriae
448 913 459 947 3
477 899 597 936 nolite
609 899 692 949 pati
704 912 863 948 regnum
879 899 1101 944 Numidiae,
1115 898 1218 948 quod
1232 902 1405 935 vestrum
1420 903 1489 945 est,

312 976 381 1012 per
399 964 523 1000 scelus
542 967 582 1000 et
601 964 827 1012 sanguinem
847 963 1018 1000 familiae
1037 967 1193 1000 nostrae
1210 964 1438 1001 tabescere.⁷'

391 1027 486 1064 XV.
543 1027 755 1077 Postquam
783 1041 853 1064 rex
880 1028 993 1064 finem
1025 1027 1208 1076 loquendi
1240 1027 1345 1073 fecit,
1375 1027 1492 1077 legati

312 1091 545 1140 -Jugurthae,
565 1092 769 1140 largitione
788 1091 909 1140 magis
935 1104 1050 1140 quain
1076 1104 1211 1127 caussa
1236 1091 1339 1137 freti,
1360 1092 1492 1140 paucis

312 1156 563 1205 respondent:
586 1160 607 1176 “
621 1156 887 1205 Hiempsalem
901 1157 948 1192 ob
961 1156 1161 1192 saevitiam
1174 1169 1282 1191 suam
1295 1156 1343 1192 ab
1356 1155 1492 1192 Numi-

313 1220 372 1257 dis
386 1220 635 1257 interfectum
651 1234 657 1257 :
687 1220 962 1265 Adherbalem,
976 1220 1080 1256 ultro
1091 1220 1235 1256 bellum
1248 1220 1490 1266 inferentem,

312 1288 516 1334 postquam
547 1288 750 1333 superatus
779 1284 841 1330 sit,
871 1284 992 1332 queri,
1022 1283 1124 1332 quod
1157 1283 1340 1331 injuriam
1365 1283 1492 1321 facere

313 1349 575 1400 nequivisset:
613 1349 640 1385 J
644 1348 851 1397 ugurtham
880 1349 929 1384 ab
959 1352 1096 1384 senatu
1124 1352 1266 1397 petere,
1296 1361 1345 1385 ne
1372 1348 1491 1385 alium

313 1416 498 1461 putarent
517 1425 560 1448 ac
580 1412 819 1449 Numantiae
840 1412 1016 1460 cognitus
1042 1416 1153 1457 esset,
1174 1424 1250 1447 neu
1278 1412 1396 1448 verba
1423 1412 1493 1448 ini-

313 1475 403 1512 mici
428 1480 519 1513 ante
544 1476 649 1512 facta
676 1489 746 1512 sua
764 1475 985 1525 ponerent.''
1041 1476 1194 1512 Deinde
1212 1476 1367 1524 utrique
1387 1477 1493 1513 curia

313 1541 574 1589 egrediuntur.
633 1540 798 1577 Senatus
811 1541 942 1577 statim
959 1541 1189 1577 consulitur:
1210 1540 1381 1577 fautores
1395 1540 1492 1589 lega-

313 1607 453 1650 torum,
474 1608 673 1653 praeterea
691 1617 831 1653 magna
848 1617 937 1653 pars
956 1604 1082 1652 gratia
1100 1603 1323 1652 depravata,
1343 1603 1492 1640 Adher-

312 1673 411 1709 balis
439 1673 544 1710 dicta
571 1677 826 1718 contemnere,
847 1673 875 1710 J
878 1673 1068 1721 ugurthae
1093 1673 1279 1710 virtutem
1308 1674 1492 1710 extollere

312 1736 515 1774 laudibus:
553 1737 689 1785 gratia,
719 1749 823 1782 voce,
854 1736 1019 1785 denique
1053 1737 1232 1773 omnibus
1268 1736 1391 1773 modis
1423 1750 1492 1785 pro

313 1800 438 1838 alieno
458 1802 600 1838 scelere
619 1804 659 1837 et
677 1800 836 1849 flagitio,
857 1813 927 1836 sua
949 1800 1059 1849 quasi
1078 1813 1148 1848 pro
1166 1800 1299 1848 gloria,
1320 1800 1492 1837 niteban-

312 1871 387 1903 tur.
445 1866 505 1902 At
519 1870 654 1902 contra
664 1865 790 1915 pauci,
803 1866 943 1914 quibus
954 1866 1098 1901 bonum
1114 1869 1153 1901 et
1165 1878 1329 1914 aequum
1345 1865 1492 1902 divitiis

313 1931 439 1967 carius
467 1934 561 1977 erat,
591 1930 898 1967 subveniendum
928 1929 1157 1975 Adherbali,
1187 1933 1227 1966 et
1255 1930 1492 1978 Hiempsalis

313 1997 475 2030 mortem
496 2007 627 2030 severe
645 1993 919 2030 vindicandam
948 1994 1157 2029 censebant
1169 2006 1179 2040 5
1208 1993 1274 2029 sed
1300 2006 1349 2029 ex
1373 1993 1490 2029 omni-

313 2058 385 2094 bus
403 2057 571 2094 maxime
590 2057 785 2094 Aemilius
804 2057 983 2103 Scaurus,
1004 2057 1118 2093 homo
1143 2057 1296 2103 nobilis,
1316 2057 1488 2106 impiger,

313 2121 509 2166 factiosus,
529 2121 667 2158 avidus
694 2121 903 2170 potentiae,
927 2121 1094 2167 honoris,
1119 2121 1345 2157 divitiarum
1357 2135 1368 2169 3
1397 2124 1490 2158 cete-

314 2199 399 2222 rum
428 2186 525 2221 vitia
553 2199 622 2222 sua
650 2185 786 2222 callide
814 2185 1022 2223 occultans.
1081 2185 1122 2222 Is
1151 2189 1354 2234 postquam
1384 2184 1491 2222 videt
