1543 2449
211 102 261 138 58
484 100 622 142 'SALL
632 105 784 143 USTII
818 106 1124 144 JUGURTJJA.

210 187 293 234 bus,
328 201 459 225 carum
488 195 766 240 acceptumque
794 192 1045 241 popularibus
1073 193 1175 241 suis3
1215 194 1282 243 qui
1318 194 1395 243 ple-

210 265 373 302 rumque
392 266 563 290 seorsum
583 256 632 291 ab
651 268 740 304 rege
768 257 983 293 exercitum
1012 257 1183 305 ductare,
1204 263 1245 295 et
1263 272 1395 295 omnes

212 330 270 354 res
306 318 466 366 exsequi
503 319 641 355 solitus
678 324 773 366 erat,
803 333 901 369 quae
938 321 967 358 J
969 322 1160 370 ugurthae
1197 323 1299 360 fesso
1327 328 1397 360 aut

210 382 421 430 majoribus
453 382 640 420 adstricto
673 389 974 433 superaverant:
1008 399 1057 422 ex
1085 400 1160 435 quo
1188 387 1247 423 illi
1274 388 1397 436 gloria

211 458 376 494 opesque
404 445 597 483 inventae.
657 448 786 496 lgitur
814 449 1016 498 utriusque
1045 451 1204 488 consilio
1232 452 1314 488 dies
1341 452 1397 488 in-

211 507 319 543 sidiis
339 507 550 544 statuitur:
580 513 743 554 caetera,
764 509 825 545 uti
852 523 913 546 res
941 515 1126 559 posceret,
1147 525 1196 548 ex
1224 516 1397 562 tempore

212 570 340 619 parari
354 570 511 618 placuit.
554 571 756 609 Nabdalsa
768 573 817 609 ad
832 574 1046 610 exercitum
1061 575 1269 624 profectuS,
1283 590 1397 626 quem

212 635 315 670 inter
346 634 510 671 hiberna
546 635 813 673 Romanorum
845 637 977 686 jussus
1005 638 1184 685 habebat,
1222 652 1271 676 ne
1308 653 1399 689 ager

212 700 349 736 inultis
378 701 556 737 hostibus
583 704 813 738 vastaretur.
893 701 935 738 Is
962 706 1180 751 postquam,
1209 704 1400 752 magnitu-

213 765 302 802 dine
321 765 505 802 facinoris
527 766 738 815 perculsus,
760 766 809 802 ad
837 770 992 815 tempus
1019 780 1098 803 non
1117 768 1238 814 venit,
1258 772 1399 805 metus-

213 842 287 878 que
307 843 389 866 rem
414 830 663 879 impediebat,
685 830 891 876 Bomilcar,
913 830 1029 866 simul
1055 831 1220 879 cupidus
1244 831 1401 880 incepta

213 895 406 944 patrandi,
445 899 486 932 et
521 896 660 931 timore
698 896 791 932 socii
829 896 982 941 anxius,
1012 908 1060 932 ne
1100 896 1240 932 omisso
1268 900 1400 933 vetere

214 959 373 995 consilio
392 971 537 995 novum
556 963 771 1008 quaereret,
791 959 943 995 litteras
962 958 1012 995 ad
1031 972 1119 995 eum
1138 972 1207 1008 per
1225 959 1400 996 homines

175 1012 181 1023 ’
213 1024 345 1060 fideles
362 1024 499 1069 mittit,
528 1024 570 1060 in
598 1023 718 1072 queis,
750 1023 989 1059 “mollitiem
1018 1024 1306 1072 secordiamque
1325 1023 1401 1059 viri

213 1101 416 1125 accusare:
446 1088 583 1124 testari
598 1088 701 1133 deos,
721 1094 791 1136 per
805 1100 900 1136 quos
915 1087 1151 1135 juravisset:
1180 1100 1336 1124 monere
1351 1100 1400 1123 ne

213 1154 385 1202 praemia
404 1153 560 1191 Metelli
578 1153 620 1189 in
638 1156 787 1202 pestem
804 1156 1072 1190 converteret:
1101 1152 1129 1189 J
1132 1153 1323 1201 ugurthae
1339 1165 1402 1189 ex-

214 1219 328 1254 itium
348 1219 480 1255 adesse
493 1231 504 1265 3
533 1222 704 1254 ceterum
733 1230 852 1253 suane
880 1230 931 1253 an
959 1217 1112 1253 Metelli
1131 1218 1278 1253 virtute
1306 1204 1404 1266 peri-⁴

215 1287 286 1328 ret,
316 1283 356 1319 id
383 1282 497 1319 modo
526 1282 688 1330 agitari:
730 1281 892 1330 proinde
924 1284 1125 1329 reputaret
1158 1294 1245 1317 cum
1273 1281 1403 1318 animo

214 1360 295 1393 suo,
316 1347 490 1395 praemia
508 1360 560 1383 an
579 1346 794 1382 cruciatum
814 1344 983 1380 mallet.⁷’

295 1410 451 1447 LXXI.
535 1409 611 1447 Sed
648 1423 767 1458 quum
805 1409 878 1445 hae
914 1409 1071 1445 litterae
1115 1409 1268 1455 allatae,
1302 1408 1404 1445 forte

215 1476 418 1513 Nabdalsa
447 1475 618 1512 exercito
649 1487 806 1523 corpore
835 1474 960 1510 fessus
988 1474 1150 1510 inlecto
1169 1474 1403 1522 quiescebat,

216 1540 284 1576 ubi
304 1539 467 1588 cognitis
487 1539 716 1576 Bomilcaris
736 1538 865 1574 verbis
893 1537 1018 1586 primo
1047 1550 1151 1583 cura,
1172 1537 1324 1583 deinde,
1346 1537 1405 1573 uti

216 1618 374 1653 aegrum
394 1604 567 1641 animum
587 1604 696 1649 solet,
714 1615 870 1639 somnus
884 1603 995 1651 cepit.
1055 1602 1155 1639 Erat
1174 1603 1209 1638 ei
1229 1602 1406 1639 Numida

217 1669 387 1718 quidam,
408 1668 650 1716 negotiorum
680 1671 846 1712 curator,
866 1667 967 1703 fidus
995 1671 1252 1716 acceptusque
1272 1670 1312 1703 et
1330 1679 1406 1702 om-

216 1733 326 1770 nium
346 1733 606 1777 consiliorum,
623 1731 699 1767 nisi
713 1731 926 1775 novissimi,
943 1731 1147 1780 particeps.
1207 1730 1285 1774 Qui
1303 1734 1406 1779 post-

218 1811 333 1846 quam
362 1797 501 1833 allatas
528 1797 680 1832 litteras
708 1795 872 1840 audivit,
904 1808 954 1831 ex
982 1795 1263 1832 consuetudine
1295 1800 1406 1833 ratus

219 1875 335 1910 opera
363 1865 403 1897 et
429 1861 585 1909 ingenio
614 1873 683 1896 suo
711 1872 807 1909 opus
836 1873 928 1905 esse,
956 1860 999 1896 in
1028 1861 1323 1897 tabernaculum
1353 1862 1407 1897 in-

219 1925 352 1972 troiit,
381 1925 596 1961 dormiente
616 1925 694 1970 illo,
725 1925 939 1973 epistolam,
970 1937 1086 1973 super
1113 1928 1231 1973 caput
1257 1925 1299 1961 in
1326 1926 1409 1974 pul-

220 1990 312 2026 vino
331 1993 476 2026 temere
495 1989 673 2038 positam,
690 1989 811 2024 sumit
829 2001 872 2025 ac
896 1988 1084 2037 pcrlegit3
1113 1988 1205 2025 dein
1231 2002 1406 2038 propere,

222 2053 388 2102 cognitis
424 2053 588 2099 insidiis,
627 2053 675 2089 ad
713 2066 841 2101 regem
879 2052 1015 2101 pergit.
1085 2052 1287 2089 Nabdalsa
1322 2058 1412 2101 post

224 2117 355 2167 paullo
383 2121 644 2165 experrectus,
675 2117 742 2152 ubi
770 2129 895 2165 neque
923 2116 1126 2165 epistolam
1159 2116 1341 2165 repperit,
1372 2122 1412 2153 et

225 2194 306 2218 rem
340 2194 504 2227 omnem,
536 2181 597 2217 uti
629 2184 718 2218 acta
749 2184 843 2226 erat,
876 2181 1067 2229 cognovit,
1094 2181 1219 2230 primo
1244 2180 1410 2217 indicem
