<?xml version="1.0" encoding="UTF-8"?>
<!DOCTYPE html PUBLIC "-//W3C//DTD XHTML 1.0 Transitional//EN"
    "http://www.w3.org/TR/xhtml1/DTD/xhtml1-transitional.dtd">
<html xmlns="http://www.w3.org/1999/xhtml" xml:lang="en" lang="en">
 <head>
  <title>
</title>
<meta http-equiv="Content-Type" content="text/html;charset=utf-8" />
  <meta name='ocr-system' content='tesseract 3.04.00' />
  <meta name='ocr-capabilities' content='ocr_page ocr_carea ocr_par ocr_line ocrx_word'/>
</head>
<body>
  <div class='ocr_page' id='page_1' title='image "./catilinaetjugurt00salluoft_0192.png"; bbox 0 0 1543 2449; ppageno 0'>
   <div class='ocr_carea' id='block_1_1' title="bbox 226 103 1136 143">
    <p class='ocr_par' dir='ltr' id='par_1_1' title="bbox 226 103 1136 143">
     <span class='ocr_line' id='line_1_1' title="bbox 226 103 1136 143; baseline -0.001 -2"><span class='ocrx_word' id='word_1_1' title='bbox 226 106 273 142; x_wconf 82' lang='lat'>32</span> <span class='ocrx_word' id='word_1_2' title='bbox 498 104 793 143; x_wconf 75' lang='lat' dir='ltr'><em>SALLUSTJI</em></span> <span class='ocrx_word' id='word_1_3' title='bbox 821 103 1136 141; x_wconf 75' lang='lat' dir='ltr'><em>JUGURTHA.</em></span> 
     </span>
    </p>
   </div>
   <div class='ocr_carea' id='block_1_2' title="bbox 224 189 1410 2230">
    <p class='ocr_par' dir='ltr' id='par_1_2' title="bbox 224 189 1402 358">
     <span class='ocr_line' id='line_1_2' title="bbox 224 189 1402 240; baseline -0.003 -12"><span class='ocrx_word' id='word_1_4' title='bbox 224 204 397 240; x_wconf 86' lang='lat' dir='ltr'>egressus</span> <span class='ocrx_word' id='word_1_5' title='bbox 417 195 486 237; x_wconf 89' lang='lat' dir='ltr'>est,</span> <span class='ocrx_word' id='word_1_6' title='bbox 508 191 634 228; x_wconf 79' lang='lat' dir='ltr'>fertur</span> <span class='ocrx_word' id='word_1_7' title='bbox 653 203 765 239; x_wconf 87' lang='lat' dir='ltr'>saepe</span> <span class='ocrx_word' id='word_1_8' title='bbox 788 202 832 226; x_wconf 88' lang='lat' dir='ltr'>eo</span> <span class='ocrx_word' id='word_1_9' title='bbox 857 189 1001 226; x_wconf 86' lang='lat' dir='ltr'>tacitus</span> <span class='ocrx_word' id='word_1_10' title='bbox 1028 189 1236 237; x_wconf 75' lang='lat' dir='ltr'>respiciens</span> <span class='ocrx_word' id='word_1_11' title='bbox 1260 192 1402 237; x_wconf 83' lang='lat' dir='ltr'>postre-</span> 
     </span>
     <span class='ocr_line' id='line_1_3' title="bbox 224 256 1402 302; baseline -0.003 -9"><span class='ocrx_word' id='word_1_12' title='bbox 224 269 286 293; x_wconf 89' lang='lat' dir='ltr'>mo</span> <span class='ocrx_word' id='word_1_13' title='bbox 306 256 461 302; x_wconf 80' lang='lat' dir='ltr'>dixisse,</span> <span class='ocrx_word' id='word_1_14' title='bbox 483 267 619 292; x_wconf 76' lang='lat' dir='ltr'>URBEM</span> <span class='ocrx_word' id='word_1_15' title='bbox 637 265 826 291; x_wconf 85' lang='lat' dir='ltr'><strong>VENALEM</strong></span> <span class='ocrx_word' id='word_1_16' title='bbox 846 265 893 290; x_wconf 82' lang='grc' dir='ltr'>ΕΤ</span> <span class='ocrx_word' id='word_1_17' title='bbox 918 265 1079 291; x_wconf 76' lang='lat' dir='ltr'><strong>MATURE</strong></span> <span class='ocrx_word' id='word_1_18' title='bbox 1104 265 1346 300; x_wconf 79' lang='lat' dir='ltr'>PERITURAM,</span> <span class='ocrx_word' id='word_1_19' title='bbox 1367 265 1402 291; x_wconf 89' lang='lat' dir='ltr'>s1</span> 
     </span>
     <span class='ocr_line' id='line_1_4' title="bbox 224 321 694 358; baseline -0.004 0"><span class='ocrx_word' id='word_1_20' title='bbox 224 333 436 358; x_wconf 81' lang='lat' dir='ltr'><strong>EMPTOREM</strong></span> <span class='ocrx_word' id='word_1_21' title='bbox 457 321 694 357; x_wconf 76' lang='lat' dir='ltr'>INVENERrr!</span> 
     </span>
    </p>

    <p class='ocr_par' dir='ltr' id='par_1_3' title="bbox 224 384 1409 1382">
     <span class='ocr_line' id='line_1_5' title="bbox 305 384 1405 423; baseline -0.002 0"><span class='ocrx_word' id='word_1_22' title='bbox 305 386 509 423; x_wconf 85' lang='lat' dir='ltr'>XXXVI.</span> <span class='ocrx_word' id='word_1_23' title='bbox 570 385 735 422; x_wconf 90' lang='lat' dir='ltr'>Interim</span> <span class='ocrx_word' id='word_1_24' title='bbox 764 384 936 421; x_wconf 86' lang='lat' dir='ltr'>Albinus</span> <span class='ocrx_word' id='word_1_25' title='bbox 957 389 1144 421; x_wconf 86' lang='lat' dir='ltr'>renovato</span> <span class='ocrx_word' id='word_1_26' title='bbox 1168 385 1270 421; x_wconf 86' lang='lat' dir='ltr'>bello</span> <span class='ocrx_word' id='word_1_27' title='bbox 1307 397 1405 421; x_wconf 90' lang='lat' dir='ltr'>com-</span> 
     </span>
     <span class='ocr_line' id='line_1_6' title="bbox 224 448 1405 498; baseline -0.003 -11"><span class='ocrx_word' id='word_1_28' title='bbox 224 455 406 495; x_wconf 90' lang='lat' dir='ltr'>meatum,</span> <span class='ocrx_word' id='word_1_29' title='bbox 437 448 686 498; x_wconf 76' lang='lat' dir='ltr'>stipendium,</span> <span class='ocrx_word' id='word_1_30' title='bbox 710 448 863 497; x_wconf 86' lang='lat' dir='ltr'>aliaque</span> <span class='ocrx_word' id='word_1_31' title='bbox 891 461 989 497; x_wconf 87' lang='lat' dir='ltr'>quae</span> <span class='ocrx_word' id='word_1_32' title='bbox 1016 448 1207 485; x_wconf 72' lang='lat' dir='ltr'>militibus</span> <span class='ocrx_word' id='word_1_33' title='bbox 1235 449 1324 485; x_wconf 88' lang='lat' dir='ltr'>usui</span> <span class='ocrx_word' id='word_1_34' title='bbox 1351 449 1405 485; x_wconf 76' lang='lat' dir='ltr'>fo-</span> 
     </span>
     <span class='ocr_line' id='line_1_7' title="bbox 225 512 1405 561; baseline -0.002 -11"><span class='ocrx_word' id='word_1_35' title='bbox 225 519 325 559; x_wconf 89' lang='lat' dir='ltr'>rent,</span> <span class='ocrx_word' id='word_1_36' title='bbox 346 517 520 550; x_wconf 84' lang='lat' dir='ltr'>maturat</span> <span class='ocrx_word' id='word_1_37' title='bbox 539 513 579 548; x_wconf 88' lang='lat' dir='ltr'>in</span> <span class='ocrx_word' id='word_1_38' title='bbox 603 512 782 548; x_wconf 80' lang='lat' dir='ltr'>Africam</span> <span class='ocrx_word' id='word_1_39' title='bbox 801 515 956 561; x_wconf 86' lang='lat' dir='ltr'>portare</span> <span class='ocrx_word' id='word_1_40' title='bbox 969 525 980 559; x_wconf 77' lang='lat'><em>3</em></span> <span class='ocrx_word' id='word_1_41' title='bbox 1007 525 1051 548; x_wconf 89' lang='lat' dir='ltr'>ac</span> <span class='ocrx_word' id='word_1_42' title='bbox 1071 512 1203 548; x_wconf 86' lang='lat' dir='ltr'>statim</span> <span class='ocrx_word' id='word_1_43' title='bbox 1222 512 1303 561; x_wconf 85' lang='lat' dir='ltr'>ipse</span> <span class='ocrx_word' id='word_1_44' title='bbox 1323 525 1405 560; x_wconf 91' lang='lat' dir='ltr'>pro-</span> 
     </span>
     <span class='ocr_line' id='line_1_8' title="bbox 224 575 1407 625; baseline -0.002 -12"><span class='ocrx_word' id='word_1_45' title='bbox 224 578 361 623; x_wconf 77' lang='lat' dir='ltr'>fectus,</span> <span class='ocrx_word' id='word_1_46' title='bbox 378 577 438 613; x_wconf 85' lang='lat' dir='ltr'>uti</span> <span class='ocrx_word' id='word_1_47' title='bbox 452 580 543 613; x_wconf 83' lang='lat' dir='ltr'>anto</span> <span class='ocrx_word' id='word_1_48' title='bbox 559 576 726 622; x_wconf 88' lang='lat' dir='ltr'>comitia,</span> <span class='ocrx_word' id='word_1_49' title='bbox 743 575 845 625; x_wconf 90' lang='lat' dir='ltr'>quod</span> <span class='ocrx_word' id='word_1_50' title='bbox 860 579 1014 624; x_wconf 88' lang='lat' dir='ltr'>tempus</span> <span class='ocrx_word' id='word_1_51' title='bbox 1027 575 1132 611; x_wconf 82' lang='lat' dir='ltr'>haud</span> <span class='ocrx_word' id='word_1_52' title='bbox 1146 575 1258 623; x_wconf 82' lang='lat' dir='ltr'>longe</span> <span class='ocrx_word' id='word_1_53' title='bbox 1273 576 1407 611; x_wconf 85' lang='lat' dir='ltr'>aberat</span> 
     </span>
     <span class='ocr_line' id='line_1_9' title="bbox 224 639 1407 689; baseline -0.003 -11"><span class='ocrx_word' id='word_1_54' title='bbox 224 642 342 678; x_wconf 86' lang='lat' dir='ltr'>armis</span> <span class='ocrx_word' id='word_1_55' title='bbox 379 645 448 678; x_wconf 87' lang='lat' dir='ltr'>aut</span> <span class='ocrx_word' id='word_1_56' title='bbox 484 641 683 678; x_wconf 87' lang='lat' dir='ltr'>deditione</span> <span class='ocrx_word' id='word_1_57' title='bbox 719 644 790 677; x_wconf 87' lang='lat' dir='ltr'>aut</span> <span class='ocrx_word' id='word_1_58' title='bbox 824 640 962 689; x_wconf 88' lang='lat' dir='ltr'>quovis</span> <span class='ocrx_word' id='word_1_59' title='bbox 998 639 1112 676; x_wconf 88' lang='lat' dir='ltr'>modo</span> <span class='ocrx_word' id='word_1_60' title='bbox 1147 640 1291 675; x_wconf 89' lang='lat' dir='ltr'>bellum</span> <span class='ocrx_word' id='word_1_61' title='bbox 1322 653 1407 676; x_wconf 85' lang='lat' dir='ltr'>con-</span> 
     </span>
     <span class='ocr_line' id='line_1_10' title="bbox 224 703 1405 753; baseline -0.003 -11"><span class='ocrx_word' id='word_1_62' title='bbox 224 707 363 742; x_wconf 86' lang='lat' dir='ltr'>ficeret.</span> <span class='ocrx_word' id='word_1_63' title='bbox 422 705 482 742; x_wconf 87' lang='lat' dir='ltr'>At</span> <span class='ocrx_word' id='word_1_64' title='bbox 510 710 645 752; x_wconf 85' lang='lat' dir='ltr'>contra</span> <span class='ocrx_word' id='word_1_65' title='bbox 666 705 694 742; x_wconf 68' lang='grc' dir='ltr'><em>ὖ</em></span> <span class='ocrx_word' id='word_1_66' title='bbox 698 704 867 753; x_wconf 82' lang='lat' dir='ltr'>ugurtha</span> <span class='ocrx_word' id='word_1_67' title='bbox 888 703 1042 740; x_wconf 77' lang='lat' dir='ltr'>trahere</span> <span class='ocrx_word' id='word_1_68' title='bbox 1070 703 1210 748; x_wconf 85' lang='lat' dir='ltr'>omnia,</span> <span class='ocrx_word' id='word_1_69' title='bbox 1237 708 1277 740; x_wconf 87' lang='lat' dir='ltr'>et</span> <span class='ocrx_word' id='word_1_70' title='bbox 1299 704 1405 747; x_wconf 87' lang='lat' dir='ltr'>alias,</span> 
     </span>
     <span class='ocr_line' id='line_1_11' title="bbox 224 767 1407 818; baseline -0.003 -12"><span class='ocrx_word' id='word_1_71' title='bbox 224 769 363 806; x_wconf 86' lang='lat' dir='ltr'>deinde</span> <span class='ocrx_word' id='word_1_72' title='bbox 395 770 491 806; x_wconf 88' lang='lat' dir='ltr'>alias</span> <span class='ocrx_word' id='word_1_73' title='bbox 519 782 649 806; x_wconf 87' lang='lat' dir='ltr'>morae</span> <span class='ocrx_word' id='word_1_74' title='bbox 677 781 831 806; x_wconf 82' lang='lat' dir='ltr'>caussas</span> <span class='ocrx_word' id='word_1_75' title='bbox 859 769 1008 807; x_wconf 79' lang='lat' dir='ltr'>facere:</span> <span class='ocrx_word' id='word_1_76' title='bbox 1046 768 1220 818; x_wconf 76' lang='lat' dir='ltr'>polliceri</span> <span class='ocrx_word' id='word_1_77' title='bbox 1247 767 1407 804; x_wconf 89' lang='lat' dir='ltr'>deditio—</span> 
     </span>
     <span class='ocr_line' id='line_1_12' title="bbox 224 832 1408 879; baseline -0.003 -9"><span class='ocrx_word' id='word_1_78' title='bbox 224 848 324 879; x_wconf 90' lang='lat' dir='ltr'>nem,</span> <span class='ocrx_word' id='word_1_79' title='bbox 355 847 398 870; x_wconf 90' lang='lat' dir='ltr'>ac</span> <span class='ocrx_word' id='word_1_80' title='bbox 427 834 566 871; x_wconf 84' lang='lat' dir='ltr'>deinde</span> <span class='ocrx_word' id='word_1_81' title='bbox 594 837 740 870; x_wconf 84' lang='lat' dir='ltr'>metum</span> <span class='ocrx_word' id='word_1_82' title='bbox 770 834 973 871; x_wconf 87' lang='lat' dir='ltr'>simulare:</span> <span class='ocrx_word' id='word_1_83' title='bbox 1011 833 1176 870; x_wconf 85' lang='lat' dir='ltr'>instanti</span> <span class='ocrx_word' id='word_1_84' title='bbox 1208 832 1341 869; x_wconf 83' lang='lat' dir='ltr'>cedere</span> <span class='ocrx_word' id='word_1_85' title='bbox 1369 836 1408 868; x_wconf 88' lang='lat' dir='ltr'>et</span> 
     </span>
     <span class='ocr_line' id='line_1_13' title="bbox 224 895 1406 947; baseline -0.003 -13"><span class='ocrx_word' id='word_1_86' title='bbox 224 898 354 947; x_wconf 88' lang='lat' dir='ltr'>paullo</span> <span class='ocrx_word' id='word_1_87' title='bbox 374 902 472 947; x_wconf 87' lang='lat' dir='ltr'>post,</span> <span class='ocrx_word' id='word_1_88' title='bbox 494 911 542 934; x_wconf 84' lang='lat' dir='ltr'>ne</span> <span class='ocrx_word' id='word_1_89' title='bbox 562 898 622 934; x_wconf 91' lang='lat' dir='ltr'>sui</span> <span class='ocrx_word' id='word_1_90' title='bbox 644 896 875 943; x_wconf 85' lang='lat' dir='ltr'>diffiderent,</span> <span class='ocrx_word' id='word_1_91' title='bbox 895 898 1063 934; x_wconf 87' lang='lat' dir='ltr'>instare:</span> <span class='ocrx_word' id='word_1_92' title='bbox 1093 897 1149 933; x_wconf 85' lang='lat' dir='ltr'>ita</span> <span class='ocrx_word' id='word_1_93' title='bbox 1170 896 1263 933; x_wconf 88' lang='lat' dir='ltr'>belli</span> <span class='ocrx_word' id='word_1_94' title='bbox 1282 895 1406 939; x_wconf 90' lang='lat' dir='ltr'>modo,</span> 
     </span>
     <span class='ocr_line' id='line_1_14' title="bbox 224 960 1409 1010; baseline -0.003 -12"><span class='ocrx_word' id='word_1_95' title='bbox 224 962 337 999; x_wconf 91' lang='lat' dir='ltr'>modo</span> <span class='ocrx_word' id='word_1_96' title='bbox 364 962 470 1010; x_wconf 81' lang='lat' dir='ltr'>pacis</span> <span class='ocrx_word' id='word_1_97' title='bbox 497 975 605 998; x_wconf 86' lang='lat' dir='ltr'>mora</span> <span class='ocrx_word' id='word_1_98' title='bbox 633 962 828 998; x_wconf 86' lang='lat' dir='ltr'>consulem</span> <span class='ocrx_word' id='word_1_99' title='bbox 856 961 1056 998; x_wconf 83' lang='lat' dir='ltr'>ludificari.</span> <span class='ocrx_word' id='word_1_100' title='bbox 1115 961 1177 997; x_wconf 79' lang='lat' dir='ltr'>Ao</span> <span class='ocrx_word' id='word_1_101' title='bbox 1202 960 1321 1005; x_wconf 79' lang='lat' dir='ltr'>fuere,</span> <span class='ocrx_word' id='word_1_102' title='bbox 1342 960 1409 1008; x_wconf 87' lang='lat' dir='ltr'>qui</span> 
     </span>
     <span class='ocr_line' id='line_1_15' title="bbox 224 1024 1408 1073; baseline -0.001 -12"><span class='ocrx_word' id='word_1_103' title='bbox 224 1031 308 1061; x_wconf 88' lang='lat' dir='ltr'>tum</span> <span class='ocrx_word' id='word_1_104' title='bbox 338 1025 531 1061; x_wconf 88' lang='lat' dir='ltr'>Albinum</span> <span class='ocrx_word' id='word_1_105' title='bbox 561 1024 666 1061; x_wconf 88' lang='lat' dir='ltr'>haud</span> <span class='ocrx_word' id='word_1_106' title='bbox 696 1025 874 1073; x_wconf 81' lang='lat' dir='ltr'>ignarum</span> <span class='ocrx_word' id='word_1_107' title='bbox 905 1025 1055 1062; x_wconf 85' lang='lat' dir='ltr'>consilii</span> <span class='ocrx_word' id='word_1_108' title='bbox 1087 1025 1187 1073; x_wconf 79' lang='lat' dir='ltr'>regis</span> <span class='ocrx_word' id='word_1_109' title='bbox 1215 1025 1408 1060; x_wconf 72' lang='lat' dir='ltr'>existima-</span> 
     </span>
     <span class='ocr_line' id='line_1_16' title="bbox 225 1089 1407 1138; baseline -0.001 -13"><span class='ocrx_word' id='word_1_110' title='bbox 225 1094 324 1135; x_wconf 85' lang='lat' dir='ltr'>rent,</span> <span class='ocrx_word' id='word_1_111' title='bbox 350 1102 475 1138; x_wconf 88' lang='lat' dir='ltr'>neque</span> <span class='ocrx_word' id='word_1_112' title='bbox 499 1102 548 1125; x_wconf 79' lang='lat' dir='ltr'>ex</span> <span class='ocrx_word' id='word_1_113' title='bbox 572 1093 685 1125; x_wconf 83' lang='lat' dir='ltr'>tanta</span> <span class='ocrx_word' id='word_1_114' title='bbox 710 1090 960 1138; x_wconf 77' lang='lat' dir='ltr'>properantia</span> <span class='ocrx_word' id='word_1_115' title='bbox 987 1094 1067 1125; x_wconf 82' lang='lat' dir='ltr'>tam</span> <span class='ocrx_word' id='word_1_116' title='bbox 1096 1089 1210 1125; x_wconf 81' lang='lat' dir='ltr'>facile</span> <span class='ocrx_word' id='word_1_117' title='bbox 1238 1093 1407 1125; x_wconf 81' lang='lat' dir='ltr'>tractum</span> 
     </span>
     <span class='ocr_line' id='line_1_17' title="bbox 225 1153 1408 1202; baseline 0.001 -14"><span class='ocrx_word' id='word_1_118' title='bbox 225 1153 369 1189; x_wconf 88' lang='lat' dir='ltr'>bellum</span> <span class='ocrx_word' id='word_1_119' title='bbox 406 1153 579 1189; x_wconf 82' lang='lat' dir='ltr'>secordia</span> <span class='ocrx_word' id='word_1_120' title='bbox 615 1153 737 1201; x_wconf 86' lang='lat' dir='ltr'>magis</span> <span class='ocrx_word' id='word_1_121' title='bbox 775 1166 890 1202; x_wconf 88' lang='lat' dir='ltr'>quam</span> <span class='ocrx_word' id='word_1_122' title='bbox 928 1153 1015 1189; x_wconf 91' lang='lat' dir='ltr'>dolo</span> <span class='ocrx_word' id='word_1_123' title='bbox 1053 1153 1262 1189; x_wconf 80' lang='lat' dir='ltr'>crederent.</span> <span class='ocrx_word' id='word_1_124' title='bbox 1334 1153 1408 1189; x_wconf 72' lang='lat' dir='ltr'>Sed</span> 
     </span>
     <span class='ocr_line' id='line_1_18' title="bbox 224 1218 1409 1267; baseline 0 -13"><span class='ocrx_word' id='word_1_125' title='bbox 224 1222 429 1267; x_wconf 85' lang='lat' dir='ltr'>postquam</span> <span class='ocrx_word' id='word_1_126' title='bbox 457 1218 607 1266; x_wconf 88' lang='lat' dir='ltr'>dilapso</span> <span class='ocrx_word' id='word_1_127' title='bbox 635 1222 807 1267; x_wconf 85' lang='lat' dir='ltr'>tempore</span> <span class='ocrx_word' id='word_1_128' title='bbox 836 1219 1079 1255; x_wconf 88' lang='lat' dir='ltr'>comitiorum</span> <span class='ocrx_word' id='word_1_129' title='bbox 1113 1218 1194 1254; x_wconf 87' lang='lat' dir='ltr'>dies</span> <span class='ocrx_word' id='word_1_130' title='bbox 1227 1218 1409 1254; x_wconf 63' lang='lat' dir='ltr'>adventass</span> 
     </span>
     <span class='ocr_line' id='line_1_19' title="bbox 225 1282 1409 1332; baseline 0.001 -15"><span class='ocrx_word' id='word_1_131' title='bbox 225 1283 304 1327; x_wconf 88' lang='lat' dir='ltr'>bat,</span> <span class='ocrx_word' id='word_1_132' title='bbox 321 1282 492 1317; x_wconf 88' lang='lat' dir='ltr'>Albinus</span> <span class='ocrx_word' id='word_1_133' title='bbox 511 1282 618 1318; x_wconf 89' lang='lat' dir='ltr'>Aulo</span> <span class='ocrx_word' id='word_1_134' title='bbox 633 1282 756 1319; x_wconf 79' lang='lat' dir='ltr'>fratre</span> <span class='ocrx_word' id='word_1_135' title='bbox 775 1282 817 1319; x_wconf 90' lang='lat' dir='ltr'>in</span> <span class='ocrx_word' id='word_1_136' title='bbox 836 1283 973 1319; x_wconf 90' lang='lat' dir='ltr'>castris</span> <span class='ocrx_word' id='word_1_137' title='bbox 987 1295 1057 1331; x_wconf 91' lang='lat' dir='ltr'>pro</span> <span class='ocrx_word' id='word_1_138' title='bbox 1076 1286 1254 1332; x_wconf 85' lang='lat' dir='ltr'>praetore</span> <span class='ocrx_word' id='word_1_139' title='bbox 1273 1282 1409 1318; x_wconf 84' lang='lat' dir='ltr'>relicto</span> 
     </span>
     <span class='ocr_line' id='line_1_20' title="bbox 226 1345 584 1382; baseline 0.003 -1"><span class='ocrx_word' id='word_1_140' title='bbox 226 1346 392 1382; x_wconf 83' lang='lat' dir='ltr'>Romam</span> <span class='ocrx_word' id='word_1_141' title='bbox 412 1345 584 1382; x_wconf 78' lang='lat' dir='ltr'>decessit.</span> 
     </span>
    </p>

    <p class='ocr_par' dir='ltr' id='par_1_4' title="bbox 224 1409 1410 2230">
     <span class='ocr_line' id='line_1_21' title="bbox 304 1409 1410 1459; baseline 0.001 -14"><span class='ocrx_word' id='word_1_142' title='bbox 304 1409 534 1446; x_wconf 81' lang='lat' dir='ltr'>XXXVII.</span> <span class='ocrx_word' id='word_1_143' title='bbox 607 1410 667 1446; x_wconf 90' lang='lat' dir='ltr'>Ea</span> <span class='ocrx_word' id='word_1_144' title='bbox 702 1414 934 1459; x_wconf 83' lang='lat' dir='ltr'>tempestate</span> <span class='ocrx_word' id='word_1_145' title='bbox 973 1410 1121 1447; x_wconf 84' lang='lat' dir='ltr'>Romae</span> <span class='ocrx_word' id='word_1_146' title='bbox 1154 1409 1410 1446; x_wconf 87' lang='lat' dir='ltr'>seditionibus</span> 
     </span>
     <span class='ocr_line' id='line_1_22' title="bbox 224 1472 1410 1523; baseline 0.001 -15"><span class='ocrx_word' id='word_1_147' title='bbox 224 1472 446 1509; x_wconf 88' lang='lat' dir='ltr'>tribuniciis</span> <span class='ocrx_word' id='word_1_148' title='bbox 465 1473 650 1510; x_wconf 86' lang='lat' dir='ltr'>atrociter</span> <span class='ocrx_word' id='word_1_149' title='bbox 674 1474 892 1523; x_wconf 85' lang='lat' dir='ltr'>respublica</span> <span class='ocrx_word' id='word_1_150' title='bbox 914 1474 1145 1523; x_wconf 83' lang='lat' dir='ltr'>agitabatur.</span> <span class='ocrx_word' id='word_1_151' title='bbox 1205 1473 1246 1510; x_wconf 89' lang='lat' dir='ltr'>P.</span> <span class='ocrx_word' id='word_1_152' title='bbox 1270 1473 1410 1509; x_wconf 90' lang='lat' dir='ltr'>Lucul-</span> 
     </span>
     <span class='ocr_line' id='line_1_23' title="bbox 225 1538 1408 1587; baseline 0 -14"><span class='ocrx_word' id='word_1_153' title='bbox 225 1538 285 1573; x_wconf 91' lang='lat' dir='ltr'>lus</span> <span class='ocrx_word' id='word_1_154' title='bbox 304 1541 344 1574; x_wconf 90' lang='lat' dir='ltr'>et</span> <span class='ocrx_word' id='word_1_155' title='bbox 363 1538 404 1574; x_wconf 87' lang='lat' dir='ltr'>L.</span> <span class='ocrx_word' id='word_1_156' title='bbox 428 1538 598 1583; x_wconf 77' lang='lat' dir='ltr'>Annius,</span> <span class='ocrx_word' id='word_1_157' title='bbox 619 1538 769 1574; x_wconf 88' lang='lat' dir='ltr'>tribuni</span> <span class='ocrx_word' id='word_1_158' title='bbox 791 1539 925 1587; x_wconf 88' lang='lat' dir='ltr'>plebis,</span> <span class='ocrx_word' id='word_1_159' title='bbox 946 1538 1216 1575; x_wconf 81' lang='lat' dir='ltr'>resistentibus</span> <span class='ocrx_word' id='word_1_160' title='bbox 1242 1538 1408 1586; x_wconf 82' lang='lat' dir='ltr'>collegis,</span> 
     </span>
     <span class='ocr_line' id='line_1_24' title="bbox 225 1601 1410 1650; baseline -0.001 -13"><span class='ocrx_word' id='word_1_161' title='bbox 225 1601 453 1638; x_wconf 85' lang='lat' dir='ltr'>continuare</span> <span class='ocrx_word' id='word_1_162' title='bbox 488 1602 760 1650; x_wconf 81' lang='lat' dir='ltr'>magistratum</span> <span class='ocrx_word' id='word_1_163' title='bbox 797 1602 1047 1638; x_wconf 85' lang='lat' dir='ltr'>nitebantur:</span> <span class='ocrx_word' id='word_1_164' title='bbox 1087 1614 1186 1650; x_wconf 87' lang='lat' dir='ltr'>quae</span> <span class='ocrx_word' id='word_1_165' title='bbox 1223 1601 1410 1638; x_wconf 86' lang='lat' dir='ltr'>dissensio</span> 
     </span>
     <span class='ocr_line' id='line_1_25' title="bbox 225 1665 1408 1716; baseline -0.003 -13"><span class='ocrx_word' id='word_1_166' title='bbox 225 1666 347 1703; x_wconf 88' lang='lat' dir='ltr'>totius</span> <span class='ocrx_word' id='word_1_167' title='bbox 384 1667 477 1703; x_wconf 87' lang='lat' dir='ltr'>anni</span> <span class='ocrx_word' id='word_1_168' title='bbox 507 1667 664 1703; x_wconf 86' lang='lat' dir='ltr'>comitia</span> <span class='ocrx_word' id='word_1_169' title='bbox 700 1666 945 1716; x_wconf 84' lang='lat' dir='ltr'>impediebat.</span> <span class='ocrx_word' id='word_1_170' title='bbox 1004 1666 1064 1703; x_wconf 89' lang='lat' dir='ltr'>Ea</span> <span class='ocrx_word' id='word_1_171' title='bbox 1092 1678 1200 1702; x_wconf 88' lang='lat' dir='ltr'>mora</span> <span class='ocrx_word' id='word_1_172' title='bbox 1232 1665 1274 1701; x_wconf 89' lang='lat' dir='ltr'>in</span> <span class='ocrx_word' id='word_1_173' title='bbox 1303 1678 1408 1714; x_wconf 89' lang='lat' dir='ltr'>spem</span> 
     </span>
     <span class='ocr_line' id='line_1_26' title="bbox 225 1727 1408 1779; baseline -0.002 -14"><span class='ocrx_word' id='word_1_174' title='bbox 225 1729 416 1766; x_wconf 86' lang='lat' dir='ltr'>adductus</span> <span class='ocrx_word' id='word_1_175' title='bbox 436 1730 578 1775; x_wconf 90' lang='lat' dir='ltr'>Aulus,</span> <span class='ocrx_word' id='word_1_176' title='bbox 594 1743 708 1779; x_wconf 90' lang='lat' dir='ltr'>quem</span> <span class='ocrx_word' id='word_1_177' title='bbox 728 1743 798 1779; x_wconf 90' lang='lat' dir='ltr'>pro</span> <span class='ocrx_word' id='word_1_178' title='bbox 817 1733 994 1778; x_wconf 87' lang='lat' dir='ltr'>praetore</span> <span class='ocrx_word' id='word_1_179' title='bbox 1013 1729 1055 1764; x_wconf 91' lang='lat' dir='ltr'>in</span> <span class='ocrx_word' id='word_1_180' title='bbox 1074 1728 1211 1764; x_wconf 86' lang='lat' dir='ltr'>castris</span> <span class='ocrx_word' id='word_1_181' title='bbox 1230 1727 1408 1763; x_wconf 88' lang='lat' dir='ltr'>relictum</span> 
     </span>
     <span class='ocr_line' id='line_1_27' title="bbox 225 1793 1409 1841; baseline -0.001 -13"><span class='ocrx_word' id='word_1_182' title='bbox 225 1806 343 1841; x_wconf 83' lang='lat' dir='ltr'>supra</span> <span class='ocrx_word' id='word_1_183' title='bbox 362 1793 545 1839; x_wconf 79' lang='lat' dir='ltr'>diximus,</span> <span class='ocrx_word' id='word_1_184' title='bbox 566 1797 636 1829; x_wconf 79' lang='lat' dir='ltr'>aut</span> <span class='ocrx_word' id='word_1_185' title='bbox 661 1793 890 1829; x_wconf 87' lang='lat' dir='ltr'>conficiendi</span> <span class='ocrx_word' id='word_1_186' title='bbox 914 1793 1018 1837; x_wconf 90' lang='lat' dir='ltr'>belli,</span> <span class='ocrx_word' id='word_1_187' title='bbox 1039 1796 1109 1828; x_wconf 89' lang='lat' dir='ltr'>aut</span> <span class='ocrx_word' id='word_1_188' title='bbox 1133 1796 1279 1828; x_wconf 88' lang='lat' dir='ltr'>terrore</span> <span class='ocrx_word' id='word_1_189' title='bbox 1304 1804 1409 1827; x_wconf 83' lang='lat' dir='ltr'>exer-</span> 
     </span>
     <span class='ocr_line' id='line_1_28' title="bbox 226 1856 1408 1907; baseline -0.002 -14"><span class='ocrx_word' id='word_1_190' title='bbox 226 1858 327 1893; x_wconf 72' lang='lat' dir='ltr'>citus</span> <span class='ocrx_word' id='word_1_191' title='bbox 347 1858 395 1893; x_wconf 80' lang='lat' dir='ltr'>ab</span> <span class='ocrx_word' id='word_1_192' title='bbox 415 1871 503 1906; x_wconf 81' lang='lat' dir='ltr'>rege</span> <span class='ocrx_word' id='word_1_193' title='bbox 522 1858 708 1907; x_wconf 87' lang='lat' dir='ltr'>pecuniae</span> <span class='ocrx_word' id='word_1_194' title='bbox 735 1857 955 1906; x_wconf 89' lang='lat' dir='ltr'>capiendae,</span> <span class='ocrx_word' id='word_1_195' title='bbox 975 1857 1119 1893; x_wconf 88' lang='lat' dir='ltr'>milites</span> <span class='ocrx_word' id='word_1_196' title='bbox 1138 1869 1269 1892; x_wconf 90' lang='lat' dir='ltr'>mense</span> <span class='ocrx_word' id='word_1_197' title='bbox 1287 1856 1315 1893; x_wconf 84' lang='lat' dir='ltr'><strong>J</strong></span> <span class='ocrx_word' id='word_1_198' title='bbox 1318 1869 1408 1892; x_wconf 88' lang='lat' dir='ltr'>anu-</span> 
     </span>
     <span class='ocr_line' id='line_1_29' title="bbox 225 1920 1409 1970; baseline -0.001 -13"><span class='ocrx_word' id='word_1_199' title='bbox 225 1922 307 1957; x_wconf 82' lang='lat' dir='ltr'>ario</span> <span class='ocrx_word' id='word_1_200' title='bbox 335 1936 384 1958; x_wconf 77' lang='lat' dir='ltr'>ex</span> <span class='ocrx_word' id='word_1_201' title='bbox 412 1921 585 1958; x_wconf 86' lang='lat' dir='ltr'>hibernis</span> <span class='ocrx_word' id='word_1_202' title='bbox 611 1921 652 1958; x_wconf 90' lang='lat' dir='ltr'>in</span> <span class='ocrx_word' id='word_1_203' title='bbox 675 1921 962 1970; x_wconf 77' lang='lat' dir='ltr'>expeditionem</span> <span class='ocrx_word' id='word_1_204' title='bbox 986 1925 1146 1967; x_wconf 68' lang='lat' dir='ltr'>evocat,</span> <span class='ocrx_word' id='word_1_205' title='bbox 1174 1920 1324 1969; x_wconf 79' lang='lat' dir='ltr'>magnis</span> <span class='ocrx_word' id='word_1_206' title='bbox 1349 1920 1409 1956; x_wconf 84' lang='lat' dir='ltr'>iti-</span> 
     </span>
     <span class='ocr_line' id='line_1_30' title="bbox 226 1985 1408 2036; baseline -0.002 -14"><span class='ocrx_word' id='word_1_207' title='bbox 226 1986 394 2031; x_wconf 78' lang='lat' dir='ltr'>neribus,</span> <span class='ocrx_word' id='word_1_208' title='bbox 424 1986 550 2022; x_wconf 89' lang='lat' dir='ltr'>hieme</span> <span class='ocrx_word' id='word_1_209' title='bbox 578 1999 725 2035; x_wconf 85' lang='lat' dir='ltr'>aspera,</span> <span class='ocrx_word' id='word_1_210' title='bbox 755 1987 935 2036; x_wconf 86' lang='lat' dir='ltr'>pervenit</span> <span class='ocrx_word' id='word_1_211' title='bbox 962 1986 1011 2023; x_wconf 86' lang='lat' dir='ltr'>ad</span> <span class='ocrx_word' id='word_1_212' title='bbox 1039 1986 1224 2035; x_wconf 87' lang='lat' dir='ltr'>oppidum</span> <span class='ocrx_word' id='word_1_213' title='bbox 1254 1985 1408 2029; x_wconf 78' lang='lat' dir='ltr'>Suthul,</span> 
     </span>
     <span class='ocr_line' id='line_1_31' title="bbox 226 2049 1409 2100; baseline -0.002 -14"><span class='ocrx_word' id='word_1_214' title='bbox 226 2050 293 2086; x_wconf 90' lang='lat' dir='ltr'>ubi</span> <span class='ocrx_word' id='word_1_215' title='bbox 312 2050 412 2098; x_wconf 82' lang='lat' dir='ltr'>regis</span> <span class='ocrx_word' id='word_1_216' title='bbox 432 2050 607 2087; x_wconf 86' lang='lat' dir='ltr'>thesauri</span> <span class='ocrx_word' id='word_1_217' title='bbox 625 2055 746 2087; x_wconf 85' lang='lat' dir='ltr'>erant.</span> <span class='ocrx_word' id='word_1_218' title='bbox 807 2051 919 2095; x_wconf 81' lang='lat' dir='ltr'>Quod</span> <span class='ocrx_word' id='word_1_219' title='bbox 935 2063 1168 2100; x_wconf 83' lang='lat' dir='ltr'>quamquam</span> <span class='ocrx_word' id='word_1_220' title='bbox 1188 2054 1228 2086; x_wconf 91' lang='lat' dir='ltr'>et</span> <span class='ocrx_word' id='word_1_221' title='bbox 1246 2049 1409 2086; x_wconf 78' lang='lat' dir='ltr'>saevitia</span> 
     </span>
     <span class='ocr_line' id='line_1_32' title="bbox 225 2113 1408 2165; baseline -0.002 -15"><span class='ocrx_word' id='word_1_222' title='bbox 225 2115 410 2163; x_wconf 87' lang='lat' dir='ltr'>temporis</span> <span class='ocrx_word' id='word_1_223' title='bbox 456 2119 496 2151; x_wconf 90' lang='lat' dir='ltr'>et</span> <span class='ocrx_word' id='word_1_224' title='bbox 532 2115 826 2164; x_wconf 90' lang='lat' dir='ltr'>opportunitate</span> <span class='ocrx_word' id='word_1_225' title='bbox 872 2115 946 2152; x_wconf 92' lang='lat' dir='ltr'>loci</span> <span class='ocrx_word' id='word_1_226' title='bbox 992 2128 1116 2165; x_wconf 88' lang='lat' dir='ltr'>neque</span> <span class='ocrx_word' id='word_1_227' title='bbox 1162 2113 1248 2162; x_wconf 87' lang='lat' dir='ltr'>capi</span> <span class='ocrx_word' id='word_1_228' title='bbox 1283 2125 1408 2162; x_wconf 88' lang='lat' dir='ltr'>neque</span> 
     </span>
     <span class='ocr_line' id='line_1_33' title="bbox 224 2177 1408 2230; baseline -0.002 -16"><span class='ocrx_word' id='word_1_229' title='bbox 224 2178 392 2215; x_wconf 88' lang='lat' dir='ltr'>obsideri</span> <span class='ocrx_word' id='word_1_230' title='bbox 413 2182 568 2229; x_wconf 85' lang='lat' dir='ltr'>poterat</span> <span class='ocrx_word' id='word_1_231' title='bbox 597 2178 702 2230; x_wconf 88' lang='lat' dir='ltr'>(nam</span> <span class='ocrx_word' id='word_1_232' title='bbox 728 2179 871 2217; x_wconf 80' lang='lat' dir='ltr'>circum</span> <span class='ocrx_word' id='word_1_233' title='bbox 901 2192 1067 2224; x_wconf 85' lang='lat' dir='ltr'>murum,</span> <span class='ocrx_word' id='word_1_234' title='bbox 1093 2178 1211 2215; x_wconf 90' lang='lat' dir='ltr'>situm</span> <span class='ocrx_word' id='word_1_235' title='bbox 1236 2177 1278 2213; x_wconf 88' lang='lat' dir='ltr'>in</span> <span class='ocrx_word' id='word_1_236' title='bbox 1303 2189 1408 2226; x_wconf 87' lang='lat' dir='ltr'>prae-</span> 
     </span>
    </p>
   </div>
  </div>
 </body>
</html>
