1543 2449
201 87 225 124 8
474 83 769 122 SALLUSTII
802 81 1113 121 JUGURTHA.

200 173 228 211 J
230 173 410 223 ugurtha,
440 173 507 222 qui
539 175 667 209 aetate
694 175 734 208 et
762 171 952 220 sapientia
978 171 1084 220 prior
1111 182 1162 216 es,
1191 182 1240 206 ne
1267 169 1380 206 aliter

200 239 294 288 quid
323 238 478 275 eveniat
508 237 711 286 providere
739 236 859 272 decet.
915 235 1020 272 Nam
1051 235 1094 271 in
1125 234 1231 272 omni
1262 237 1379 271 certa—

199 302 315 347 mine,
353 301 421 350 qui
457 299 679 349 opulentior
716 303 786 345 est,
825 299 978 335 etiamsi
1018 298 1159 347 accipit
1196 297 1376 346 injuriam

199 371 331 402 tamen
359 365 450 414 quia
477 364 566 413 plus
593 367 732 412 potest,
753 363 879 399 facere
904 363 1070 400 videtur.
1128 362 1211 398 Vos
1235 365 1378 406 autem,

198 430 401 467 Adherbal
429 433 469 466 et
497 428 715 477 Hiempsal,
745 428 871 473 colite,
901 428 1103 464 observate
1130 427 1248 463 talem
1275 426 1379 462 hunc

198 495 338 539 virum,
367 492 578 529 imitamini
604 493 804 538 virtutem,
834 496 874 528 et
902 491 1107 538 enitimini,
1131 504 1180 528 ne
1208 504 1277 540 ego
1305 504 1380 528 me—

197 558 311 594 liores
330 558 470 593 liberos
490 556 698 604 sumpsisse
716 555 861 601 videar,
881 568 997 604 quam
1016 554 1226 603 genuisse.’'

276 620 353 657 XI.
401 620 469 656 Ad
488 633 533 656 ea
551 620 578 656 J
582 619 763 668 ugurtha,
776 619 933 655 tametsi
950 632 1078 667 regem
1098 618 1189 655 ficta
1206 619 1377 655 locutum

197 684 452 733 intelligebat,
473 687 512 720 et
530 683 612 733 ipse
631 684 743 732 longe
763 683 877 719 aliter
896 683 1025 719 animo
1044 682 1228 731 agitabat,
1248 685 1380 719 tamen

196 762 266 798 pro
291 753 464 798 tempore
485 749 651 797 benigne
676 748 885 797 respondit.
943 747 1111 796 Micipsa
1134 747 1268 796 paucis
1293 751 1380 796 post

196 814 332 850 diebus
357 813 532 850 moritur.
589 812 802 861 Postquam
827 812 886 848 illi
903 824 1009 847 more
1034 810 1139 860 regio
1153 811 1261 859 justa
1279 822 1380 858 mag-

196 877 309 914 nifice
333 877 518 922 fecerant,
538 876 663 925 reguli
687 876 729 912 in
754 888 875 911 unum
895 887 1120 920 convenere,
1141 874 1201 910 uti
1219 873 1322 910 inter
1341 886 1380 909 se

196 941 243 977 de
269 940 419 977 cunctis
443 940 609 988 negotiis
635 939 906 987 disceptarent.
965 937 1040 975 Sed
1069 937 1286 986 Hiempsal,
1313 936 1380 986 qui

195 1005 380 1041 minimus
405 1017 454 1041 ex
479 1004 557 1040 illis
580 1007 675 1049 erat,
696 1007 839 1039 natura
863 1002 974 1039 ferox
999 1006 1039 1039 et
1053 1002 1135 1050 jam
1161 1005 1252 1038 ante
1277 1001 1380 1050 igno-

196 1070 388 1106 bilitatem
408 1069 435 1106 J
438 1068 641 1117 ugurthae,
662 1068 754 1116 quia
772 1071 949 1104 materno
967 1078 1107 1115 genere
1132 1065 1258 1114 impar
1283 1069 1378 1110 erat,

195 1134 420 1183 despiciens,
441 1134 580 1170 dextra
598 1132 863 1168 Adherbalem
881 1130 1055 1177 adsedit,
1083 1142 1133 1166 ne
1157 1129 1308 1166 medius
1330 1141 1380 1165 ex

195 1199 332 1245 tribus,
353 1198 456 1247 quod
481 1197 584 1246 apud
611 1196 805 1233 Numidas
829 1195 968 1232 honori
990 1194 1158 1240 ducitur,
1179 1193 1206 1230 J
1210 1193 1380 1242 ugurtha
1399 1203 1403 1207 ·

195 1263 306 1300 foret.
363 1263 468 1299 Dein
494 1265 638 1307 tamen,
659 1261 719 1297 uti
746 1260 867 1297 aetati
892 1259 1119 1296 concederet
1142 1258 1331 1307 fatigatus
1356 1270 1379 1294 a

195 1328 328 1372 fratre,
358 1326 428 1362 vix
459 1325 501 1361 in
533 1328 683 1374 partem
716 1324 878 1360 alteram
908 1322 1159 1359 transductus
1189 1324 1257 1358 est.
1315 1320 1380 1357 Ibi

196 1404 282 1428 cum
309 1391 433 1427 multa
452 1389 500 1426 de
525 1388 833 1425 administrando
858 1387 1019 1436 imperio
1045 1386 1289 1432 dissererent,
1309 1386 1336 1423 J
1340 1399 1377 1422 u-

194 1453 337 1502 gurtha
355 1453 458 1489 inter
476 1452 571 1488 alias
590 1464 651 1488 res
664 1451 778 1500 jacit:
801 1454 1008 1499 “oportere
1022 1448 1280 1498 quinquennii
1294 1461 1381 1485 con-

195 1518 299 1554 sulta
324 1517 453 1554 omnia
478 1520 518 1553 et
540 1516 695 1553 decreta
720 1515 887 1552 rescindi
900 1528 911 1562 3
938 1527 1028 1551 nam
1054 1527 1123 1563 per
1141 1526 1187 1550 ea
1204 1517 1379 1562 tempora

196 1582 415 1619 confectum
453 1581 565 1618 annis
598 1581 804 1629 Micipsam
840 1592 978 1629 parum
1016 1579 1145 1615 animo
1176 1577 1378 1614 valuissc.''

194 1648 293 1684 Tum
312 1646 427 1691 idem,
448 1645 665 1694 Hiempsal,
688 1645 868 1693 “placere
888 1644 995 1690 sibi?
1014 1642 1230 1692 respondit:
1252 1645 1376 1678 “nam

194 1712 321 1760 ipsum
356 1711 468 1746 illum
505 1710 631 1745 tribus
667 1708 854 1757 proximis
891 1708 1003 1744 annis
1045 1706 1295 1756 adoptatione
1336 1706 1377 1742 in

195 1789 355 1824 regnum
391 1773 645 1824 pervenisse.”
711 1773 823 1818 Quod
861 1774 1021 1809 verbum
1060 1772 1102 1808 in
1137 1775 1273 1821 pectus
1307 1770 1379 1808 Ju„

195 1839 358 1887 gurthae
386 1838 515 1883 altius,
536 1850 652 1886 quam
678 1837 881 1885 quisquam
907 1840 1016 1872 ratus
1044 1839 1138 1881 erat,
1165 1834 1371 1872 descendit.

196 1903 336 1951 Itaque
372 1915 421 1938 ex
458 1914 502 1938 eo
539 1905 712 1950 tempore
749 1901 807 1936 ira
843 1903 883 1936 et
919 1903 1026 1936 metu
1063 1899 1204 1936 anxius
1235 1898 1376 1942 moliri,

195 1979 354 2015 parare,
392 1970 508 2015 atque
545 1979 590 2003 ea
626 1965 740 2002 modo
772 1977 859 2001 cum
892 1964 1021 2001 animo
1053 1964 1205 2009 habere,
1236 1963 1377 2012 quibus

196 2030 402 2078 Hiempsal
437 2043 506 2078 per
542 2029 673 2066 dolum
711 2032 921 2078 caperetur.
980 2028 1088 2073 Quae
1124 2027 1192 2064 ubi
1226 2026 1377 2063 tardius

195 2092 421 2143 procedunt,
441 2105 565 2141 neque
591 2092 737 2129 lenitur
761 2092 913 2129 animus
939 2091 1060 2137 ferox,
1082 2089 1222 2128 statuit
1239 2088 1375 2140 quovis

195 2157 308 2194 modo
326 2157 523 2206 inceptum
543 2157 734 2205 perficere.
