1502 2449
431 108 729 146 SALLUSTH
763 107 1043 147 CATILINA.
1279 108 1326 145 29

150 212 284 258 gerent
311 220 397 244 cum
427 207 606 254 Catilina,
638 207 729 244 data
754 210 793 244 et
815 210 970 255 accepta
995 205 1081 252 fide,
1105 205 1329 242 societatem

150 272 429 311 confirmarent.
487 272 576 321 Ipse
609 272 813 309 Volturcio
845 271 996 307 litteras
1032 270 1081 306 ad
1119 270 1328 307 Catilinam

149 336 227 380 dat,
243 349 405 385 quarum
421 337 641 385 exemplum
660 337 760 372 infra
775 336 960 384 scriptum
980 338 1060 371 est:
1091 334 1223 379 “Quis
1238 334 1325 380 sim,

150 412 198 436 ex
235 412 279 436 eo
313 412 426 449 quem
459 400 508 436 ad
543 407 581 436 te
618 399 705 436 misi
739 411 948 448 cognosces
1007 398 1083 434 Fac
1113 398 1255 446 cogites
1286 398 1329 434 in

143 456 296 512 'quanta
328 464 545 500 calamitate
577 464 639 510 sis,
675 468 714 501 et
745 462 965 499 memineris
996 466 1036 498 te
1068 461 1196 498 virum
1230 474 1328 508 esse—3

150 527 374 573 consideres,
413 528 507 577 quid
545 532 633 564 tuae
670 528 838 564 rationes
875 526 1089 576 postulent3
1136 525 1328 562 auxilium

149 595 258 640 petas
285 592 333 627 ab
364 592 553 638 omnibus,
585 592 701 628 etiam
726 592 774 627 ab
800 589 981 629 infimis.'’
1035 590 1102 627 Ad
1126 590 1198 626 hoc
1223 602 1329 625 man-

150 655 243 692 data
269 656 397 692 verbis
425 656 515 694 dat:
550 659 706 704 “quum
733 655 783 691 ab
811 658 948 691 senatu
980 653 1103 690 hostis
1131 654 1329 703 judicatus

149 719 211 765 sit,
251 732 327 768 quo
364 720 522 756 consilio
559 719 718 756 servitia
749 718 952 767 repudiet?
992 718 1036 754 in
1066 718 1162 754 urbe
1194 722 1329 767 parata

149 795 229 819 esse
262 796 359 832 quae
385 784 568 832 jusserit3
607 796 656 819 ne
689 787 892 819 cunctetur
923 782 1004 831 ipse
1035 782 1193 831 propius
1224 795 1327 819 acce-

150 847 275 884 dere.'’

229 912 357 949 XLV.
415 911 492 948 His
520 911 634 947 rebus
662 911 718 947 ita
745 910 851 956 actiS,
880 910 1093 946 constituta
1116 914 1226 946 nocte
1252 923 1329 958 qua

149 976 488 1026 proficiscerentur,
529 975 661 1011 Cicero
698 988 766 1023 per
808 974 955 1022 legatos
992 978 1130 1009 cuncta
1173 974 1329 1010 edoctus

150 1040 191 1077 L.
226 1039 383 1075 Valerio
416 1039 550 1075 Flacco
583 1042 623 1074 et
655 1037 695 1075 C.
731 1037 955 1086 Pomptinio
988 1038 1230 1086 praetoribus
1262 1038 1330 1074 im-

147 1107 267 1152 perat,
298 1103 359 1140 uti
386 1103 423 1139 iu
455 1106 572 1151 ponte
601 1102 754 1138 Mulvio
783 1115 850 1150 per
881 1101 1041 1138 insidias
1072 1101 1329 1150 Allobrogum

148 1168 353 1205 comitatus
390 1167 703 1216 deprehendant3
746 1179 828 1203 rem
866 1179 1017 1202 omnem
1050 1166 1185 1215 aperit,
1221 1167 1331 1215 cujus

147 1232 272 1282 gratia
303 1232 583 1278 mittebantur3
625 1234 760 1276 cetera,
801 1230 860 1266 uti
897 1230 1001 1267 facto
1039 1243 1135 1279 opus
1172 1231 1232 1276 sit,
1273 1231 1330 1267 ita

146 1300 274 1345 agant,
291 1295 495 1345 permittit.
543 1295 620 1340 Illi,
642 1294 816 1331 homines
836 1295 1034 1341 militares,
1053 1295 1135 1332 sine
1155 1295 1329 1331 tumultu

146 1360 347 1410 praesidiis
379 1359 582 1405 collocatis,
618 1358 734 1394 sicuti
764 1363 1012 1407 praeceptum
1049 1363 1141 1405 erat,
1182 1359 1330 1395 occulte

146 1428 303 1473 pontem
335 1424 529 1460 obsidunt.
587 1422 798 1471 Postquam
836 1423 882 1459 ad
918 1423 957 1459 id
988 1423 1062 1460 loci
1091 1423 1208 1471 legati
1242 1436 1330 1459 cum

147 1488 351 1525 Volturcio
379 1500 528 1533 venere,
559 1491 599 1523 et
626 1487 742 1522 simul
772 1487 968 1536 utrimque
997 1487 1141 1523 clamor
1169 1492 1330 1524 exortus
1367 1500 1375 1507 ·

146 1556 213 1598 est,
237 1552 352 1598 Galli,
373 1552 450 1588 cito
474 1551 627 1600 cognito
652 1551 821 1597 consilio,
844 1551 927 1587 sine
954 1563 1062 1587 mora
1086 1551 1330 1599 praetoribus

146 1628 185 1652 se
222 1616 394 1654 tradunt.
452 1615 681 1652 Volturcius
701 1614 856 1664 ¹primo,
903 1614 1126 1651 cohortatus
1169 1618 1326 1660 ceteros,

146 1679 274 1728 gladio
293 1693 332 1717 se
351 1693 374 1716 a
393 1679 648 1716 multitudine
673 1679 847 1715 defendit
854 1691 864 1724 5
893 1678 1031 1714 deinde
1056 1678 1125 1714 ubi
1144 1691 1167 1714 a
1192 1678 1331 1727 legatis

146 1744 319 1781 desertus
347 1748 415 1790 est,
446 1744 570 1780 multa
596 1743 706 1792 prius
733 1742 780 1779 de
809 1743 932 1778 salute
960 1755 1030 1778 sua
1060 1741 1329 1790 Pomptinium

146 1809 371 1854 obtestatus,
400 1808 502 1857 quod
529 1808 565 1844 ei
594 1810 710 1843 notus
739 1810 832 1852 erat,
863 1810 1056 1855 postremo
1084 1806 1256 1852 timidus,
1286 1820 1330 1843 ac

145 1872 251 1909 vitae
270 1872 455 1917 diffidens,
478 1871 602 1907 veluti
621 1871 797 1907 hostibus
816 1883 898 1906 sese
917 1871 1158 1919 praetoribus
1178 1871 1295 1908 dedit.

224 1936 379 1972 XLVI.
438 1935 589 1980 Quibus
625 1935 740 1971 rebus
776 1934 959 1971 confectis
1003 1935 1132 1971 omnia
1167 1947 1330 1984 propere

144 2012 213 2048 per
248 1999 410 2036 nuncios
446 1999 594 2035 consuli
631 1999 888 2045 declarantur.
945 1999 1005 2036 At
1041 1999 1153 2035 illum
1193 1999 1330 2048 ingens

116 2069 118 2090 ἐ
144 2076 236 2099 cura
254 2067 372 2112 atque
386 2062 535 2099 laetitia
554 2062 669 2098 simul
684 2075 928 2111 occupavere.
976 2062 1083 2099 Nam
1097 2063 1327 2109 laetabatur,

143 2127 365 2176 ix‘itelligens
398 2126 663 2175 conjuratione
695 2127 890 2175 patefacta
917 2126 1115 2163 civitatem
1149 2123 1330 2176 periculis

144 2197 315 2241 ereptam
344 2204 446 2228 esse:
475 2203 588 2240 porro
616 2195 746 2228 autem
776 2192 916 2228 anxius
942 2196 1036 2239 erat,
1064 2192 1260 2239 dubitans,
1287 2193 1330 2228 in
