1543 2449
388 110 523 149 SALL
533 110 686 148 USTJI
717 110 820 148 JUG
829 109 1026 146 URTJJA.
1245 109 1294 146 63

115 194 352 246 Metelloque
383 196 573 246 imperata
600 209 724 245 gnave
751 195 932 232 fecerant.
991 194 1131 244 Itaque
1152 194 1200 230 ab
1228 194 1296 230 im-

115 263 291 310 peratore
323 259 436 296 facile
468 272 567 308 quae
602 260 789 308 petebant
824 258 967 307 adepti,
1000 262 1042 295 et
1075 258 1214 294 missae
1251 271 1296 294 co

117 325 291 361 cohortes
310 324 500 372 Ligurum
519 328 686 372 quatuor
705 328 745 360 et
764 323 804 361 C.
826 324 985 360 Annius
1003 323 1231 372 praefectus.

196 388 441 425 LXXVIII.
499 387 549 425 Id
587 388 771 437 oppidum
802 389 850 424 ab
887 388 1056 424 Sidoniis
1084 387 1295 434 conditum,

117 464 213 501 quos
231 451 447 500 accepimus
465 451 648 500 profugos
668 452 715 487 ob
735 451 945 487 discordias
973 451 1105 487 civiles
1132 450 1298 486 navibus

118 506 160 553 in
178 529 242 553 eos
261 516 363 552 locos
382 517 532 552 venisse
546 530 556 563 3
586 520 756 552 ceterum
776 516 894 552 situm
914 517 1017 552 inter
1035 516 1131 552 duas
1152 516 1296 564 Syrtes,

119 580 259 629 quibus
288 593 430 616 nomen
459 593 508 616 ex
536 593 577 616 re
605 580 783 616 inditum.
842 580 945 616 Nam
976 580 1053 616 duo
1080 584 1174 617 sunt
1191 581 1299 616 sinus

120 656 238 692 prope
270 643 312 679 in
344 647 518 679 extrema
542 642 692 688 Africa,
721 642 887 691 impares
916 643 1195 691 magnitudine,
1215 644 1301 692 pari

121 711 284 744 natura:
313 720 476 756 quorum
495 707 672 756 proxima
691 710 816 742 terrac
835 708 1008 755 praealta
1027 712 1120 743 sunt
1134 722 1144 755 3
1174 713 1302 744 cetera

124 772 185 808 uti
210 772 289 807 fors
313 772 408 807 tulit
431 771 511 807 alta
524 784 535 817 3
563 770 639 806 alia
666 771 709 806 in
736 774 967 819 tempestate
986 771 1138 808 vadosa.
1197 772 1302 809 Nam

123 836 192 872 ubi
209 848 315 872 mare
333 848 516 884 magnum
535 847 616 870 esse
635 838 675 870 et
693 835 841 870 saevire
860 835 988 871 ventis
1008 836 1145 884 coepit,
1166 836 1302 871 limum

125 913 358 949 arenamque
377 904 418 936 et
436 913 530 936 saxa
548 899 723 947 ingentia
742 900 882 936 fluctus
902 900 1081 936 trahunt:
1110 901 1167 936 ita
1185 900 1304 936 facies

125 966 296 1002 locorum
316 977 403 1000 cum
421 963 550 999 ventis
569 963 685 999 simul
703 967 888 999 mutatur.
949 961 1100 1014 [Syrtes
1114 964 1163 999 ab
1175 967 1304 999 tractu

125 1027 376 1079 nominatae]
432 1028 530 1076 Ejus
549 1028 720 1064 civitatis
739 1028 873 1076 lingua
892 1029 1006 1065 modo
1021 1041 1207 1065 conversa
1221 1041 1307 1065 con—

127 1094 246 1130 nubio
258 1093 537 1139 Numidarum,
566 1093 669 1141 leges
685 1093 889 1142 cultusque
907 1094 1091 1143 pleraque
1107 1093 1306 1141 Sidonica,

128 1170 225 1206 quae
258 1169 302 1193 eo
334 1156 488 1192 facilius
519 1156 752 1202 retinebant,
782 1157 885 1205 quod
911 1158 1047 1206 procul
1074 1157 1123 1194 ab
1145 1158 1307 1206 imperio

128 1221 229 1269 regis
247 1224 415 1256 aetatem
435 1220 610 1268 agebant.
669 1220 781 1256 Inter
799 1221 885 1257 illos
905 1225 945 1258 et
963 1221 1207 1271 frequentem
1227 1221 1310 1258 Nu-

129 1284 288 1321 midiam
306 1284 423 1320 multi
441 1284 618 1333 vastique
638 1285 713 1321 loci
731 1290 851 1321 erant.
1249 1307 1251 1309 -

211 1347 408 1385 LXXIX.
468 1347 544 1384 Sed
563 1349 746 1397 quoniam
760 1349 803 1385 in
821 1349 890 1385 has
909 1350 1084 1398 regiones
1098 1363 1167 1399 per
1181 1349 1311 1399 Lepti-

131 1416 311 1448 tanorum
330 1411 486 1460 negotia
503 1412 694 1458 venimus,
714 1425 793 1448 non
812 1413 1015 1461 indignum
1034 1414 1192 1450 videtur
1210 1427 1312 1462 egre-

132 1477 238 1525 gium
257 1480 374 1524 atque
388 1476 564 1512 mirabile
582 1475 734 1512 facinus
754 1476 918 1513 duorum
935 1478 1311 1527 Carthaginiensium

133 1552 366 1576 memorare:
396 1552 479 1575 eam
505 1552 586 1575 rem
613 1552 683 1576 nos
710 1540 817 1576 locus
841 1541 1052 1578 admonuit.
1112 1542 1199 1585 Qua
1221 1545 1314 1578 tem-

133 1607 283 1653 pestate
291 1603 628 1652 Carthaginienses
640 1604 844 1653 pleraeque
851 1605 1012 1641 Africae
1024 1606 1313 1654 imperitabant,

136 1668 374 1717 Cyrenenses
386 1680 537 1716 quoque
552 1669 683 1717 magni
701 1672 818 1717 atque
837 1670 1013 1718 opulenti
1031 1670 1148 1707 fuere.
1206 1670 1316 1719 Ager

135 1732 179 1768 in
195 1731 323 1768 medio
350 1744 544 1777 arenosus,
565 1745 643 1768 una
670 1733 796 1780 specie
810 1746 819 1779 3
847 1746 972 1782 neque
1004 1734 1160 1779 flumen,
1191 1746 1316 1782 neque

137 1808 247 1832 mons
266 1799 360 1840 erat,
374 1795 442 1844 qui
459 1796 555 1831 fines
571 1808 702 1832 eorum
717 1795 954 1833 discerneret
966 1810 975 1843 3
1004 1810 1103 1846 quae
1121 1810 1182 1834 res
1197 1810 1261 1834 eos
1275 1798 1317 1834 in

138 1871 277 1907 magno
296 1858 557 1907 diuturnoque
575 1859 676 1895 bello
703 1859 807 1895 inter
837 1873 876 1895 se
901 1859 1047 1896 habuit.
1106 1860 1317 1909 Postquam

139 1923 334 1970 utrimque
363 1922 543 1970 legiones,
575 1922 670 1958 item
699 1922 837 1959 classes
864 1923 974 1959 fusae
1005 1923 1250 1973 fugataeque,
1279 1928 1320 1960 et

139 1986 254 2022 alteri
280 1985 422 2021 alteros
449 1986 692 2034 aliquantum
720 1986 974 2033 adtrivemnt,
994 1988 1122 2034 veriti,
1151 2001 1201 2024 ne
1227 2001 1319 2024 mox

140 2050 264 2086 victos
282 2049 524 2097 victoresque
552 2049 721 2086 defessos
748 2050 848 2086 alius
875 2050 1159 2099 aggrederetur,
1178 2064 1248 2100 per
1265 2052 1322 2088 in-

142 2113 274 2149 ducias
294 2113 538 2161 sponsionem
557 2112 720 2159 faciunt,
751 2117 774 2134 “
787 2114 847 2150 uti
866 2118 970 2150 certo
989 2114 1052 2151 die
1070 2115 1189 2164 legati
1207 2115 1320 2152 domo

142 2177 476 2226 proficiscerentur
487 2189 498 2223 3
526 2189 602 2225 quo
621 2177 663 2212 in
681 2177 764 2214 loco
782 2177 886 2215 inter
904 2190 944 2214 se
962 2178 1068 2215 obvii
1091 2178 1269 2225 fuissent,
1289 2179 1322 2215 is
