1502 2449
188 62 237 98 46
478 59 769 99 SALLUSTJI
804 59 1072 99 GATILINA.

185 172 280 210 opus
298 163 379 196 est:
402 172 514 195 nemo
533 158 609 195 nisi
627 158 752 194 victor
768 170 860 206 pace
878 158 1023 194 bellum
1039 158 1216 196 mutavit.
1264 158 1369 195 Nam

186 225 225 260 in
259 223 352 272 fuga
380 223 545 260 salutem
572 235 735 271 sperare,
765 234 887 270 quum
914 235 1031 268 arma,
1061 222 1202 271 quibus
1233 234 1369 271 corpus

185 288 340 337 tegitur,
372 287 420 323 ab
449 286 625 322 hostibus
654 285 853 332 averteris,
882 298 927 321 ea
955 298 1047 322 vero
1076 285 1272 322 dementia
1298 289 1366 323 est.

186 352 344 400 Semper
375 350 418 386 in
447 349 592 398 proelio
624 348 671 384 iis
703 348 919 384 maximum
951 353 1010 385 est
1041 349 1268 398 periculum,
1302 349 1369 398 qui

186 414 353 451 maxime
381 413 545 449 timent:
578 412 740 448 audacia
767 425 837 461 pro
865 426 977 449 muro
1005 414 1179 452 habetur.
1239 414 1369 458 Quum

186 491 254 515 vos
286 477 492 524 considero,
526 476 681 522 milites,
716 479 755 512 et
787 489 874 513 cum
904 477 1006 513 facta
1037 482 1168 514 vestra
1195 478 1366 524 aestimo,

185 555 326 591 magna
343 554 404 577 me
423 553 507 589 spes
526 539 711 576 victoriae
730 544 849 578 tenet.
902 540 1084 588 Animus,
1106 546 1222 589 aetas,
1244 542 1369 579 virtus

186 611 314 642 vestra
332 618 392 641 me
410 604 618 641 hortantur
630 616 640 650 3
664 608 862 653 praeterea
880 606 1118 642 necessitudo
1138 619 1236 655 quae
1251 606 1369 643 etiam

186 669 342 705 timidos
361 668 480 705 fortes
505 667 608 705 facit.
665 667 770 704 Nam
795 668 1006 705 multitudo
1031 669 1202 706 hostium
1226 683 1276 707 ne
1301 671 1370 707 cir-

186 732 406 769 cumvenire
434 735 561 781 queat,
591 731 799 780 prohibent
827 733 1028 781 angustiae
1055 733 1137 770 loci.
1198 733 1310 778 Quod
1337 734 1371 771 si

186 797 327 834 virtuti
345 801 496 833 vestrae
515 796 673 832 fortuna
691 796 888 843 inviderit,
910 801 1042 833 cavete
1062 797 1180 833 inulti
1202 798 1370 834 animam

185 861 374 898 amittatis
386 874 396 907 3
425 873 501 897 neu
527 860 630 909 capti
654 861 784 909 potius
809 860 924 897 sicuti
949 873 1085 910 pecora
1110 861 1370 907 trucidemini,

185 939 300 975 quam
321 926 493 962 virorum
513 937 618 961 more
637 929 855 974 pugnantes
880 929 1081 961 cruentam
1107 929 1224 975 atque
1249 925 1373 963 luctu-

186 1003 289 1026 osam
310 989 512 1026 victoriam
531 988 707 1025 hostibus
726 989 989 1038 relinquatis.''

266 1053 376 1090 LIX.
437 1053 547 1089 Haec
584 1053 651 1089 ubi
688 1053 800 1100 dixit,
840 1053 1057 1103 paullulum
1101 1058 1370 1100 commoratus,

187 1117 295 1166 signa
321 1130 457 1154 canere
476 1117 601 1166 jubet,
622 1120 739 1166 atque
764 1118 973 1155 instructos
1000 1119 1155 1156 ordines
1179 1119 1221 1155 in
1246 1120 1373 1162 locum

187 1194 355 1230 aequum
388 1181 568 1229 deducit3
606 1181 708 1230 dein,
745 1183 903 1219 remotis
935 1183 1110 1220 omnium
1143 1183 1262 1233 equis,
1299 1196 1374 1234 quo

188 1246 377 1282 militibus
396 1251 611 1295 exaequato
631 1247 802 1296 periculo
816 1248 970 1284 animus
985 1249 1150 1297 amplior
1165 1252 1275 1294 esset,
1293 1249 1374 1298 ipse

187 1310 303 1359 pedes
324 1311 536 1346 exercitum
557 1323 626 1359 pro
645 1311 728 1348 loco
747 1316 864 1360 atque
883 1313 1002 1361 copiis
1027 1312 1198 1349 instruit.
1255 1312 1295 1349 N
1298 1325 1372 1358 am,

187 1374 246 1410 uti
270 1373 453 1422 planities
480 1378 565 1411 erat
589 1374 693 1411 inter
717 1375 895 1413 sinistros
919 1381 1069 1413 montes
1096 1381 1134 1413 et
1160 1377 1209 1412 ab
1238 1377 1376 1413 dextra

187 1450 302 1487 rupes
326 1450 472 1486 aspera,
498 1443 584 1475 octo
610 1439 784 1476 cohortes
808 1439 850 1476 in
875 1440 1003 1477 fronte
1028 1440 1234 1477 constituit
1246 1453 1257 1487 3
1287 1439 1374 1476 reli-

188 1518 264 1553 qua
283 1505 393 1554 signa
412 1504 454 1540 in
473 1504 645 1540 subsidio
668 1504 812 1540 arctius
837 1503 1006 1541 collocat.
1064 1504 1132 1540 Ab
1157 1504 1219 1540 his
1244 1509 1376 1541 centu-

189 1569 314 1605 riones
335 1581 466 1605 omnes
491 1567 608 1604 lectos
628 1571 667 1604 et
686 1571 874 1613 evocatos,
894 1572 1093 1617 praeterea
1118 1580 1167 1604 ex
1192 1568 1377 1617 gregariis

188 1633 380 1670 militibus
399 1633 591 1682 optimum
606 1645 795 1681 quemque
810 1636 1003 1668 armatum
1019 1632 1061 1667 in
1076 1631 1242 1680 primam
1257 1631 1377 1668 aciem

190 1697 380 1735 subducit.
440 1696 480 1733 O.
504 1696 698 1732 Manlium
718 1696 759 1731 in
779 1695 949 1741 dextera,
972 1695 1231 1732 Faesulanum
1250 1708 1378 1745 quem-

191 1761 279 1796 dam
294 1761 335 1796 in
350 1760 508 1796 sinistra
526 1764 636 1809 parte
656 1772 790 1796 curare
803 1759 918 1807 jubet
930 1772 940 1806 3
964 1759 1045 1808 ipse
1065 1763 1150 1795 tum
1171 1759 1321 1796 libertis
1340 1764 1379 1796 et

191 1824 335 1860 colonis
360 1828 518 1872 propter
542 1824 712 1872 aquilam
737 1823 901 1869 adsistit,
923 1836 1039 1872 quam
1063 1823 1165 1860 bello
1186 1823 1379 1860 Cimbrico

193 1887 233 1924 O.
269 1886 420 1923 Marius
453 1888 495 1923 in
532 1888 705 1923 exercitu
742 1887 923 1923 habuisse
961 1887 1170 1923 dicebatur.
1234 1887 1294 1923 At
1331 1899 1379 1923 ex

193 1951 316 1986 altera
339 1954 450 1998 parte
470 1950 509 1987 O.
533 1950 744 1997 Antonius,
773 1950 934 1999 pedibus
959 1962 1083 1998 aeger,
1107 1950 1210 1999 quod
1235 1950 1379 1999 proelio

194 2015 324 2051 adesse
343 2015 529 2062 nequibat
548 2014 603 2051 M.
621 2014 777 2051 Petreio
797 2015 924 2063 legato
940 2015 1153 2051 exercitum
1172 2015 1377 2064 permittit.

195 2080 269 2116 Ille
294 2078 467 2115 cohortes
493 2083 706 2126 veteranas,
734 2091 828 2128 quas
848 2079 1010 2115 tumulti
1035 2092 1168 2116 caussa
1193 2078 1380 2128 conscrip-

195 2146 307 2189 serat,
323 2142 365 2178 in
384 2142 521 2190 fronte,
541 2148 628 2190 post
647 2155 710 2179 eas
730 2147 901 2180 ceterum
916 2142 1129 2180 exercitum
1143 2143 1185 2179 in
1199 2143 1380 2180 subsidiis
