1543 2449
167 79 219 124 78ι
440 82 575 120 SALL
586 83 738 121 USTII
770 83 1075 121 JUGURTJIA.

166 166 426 214 altitudinem,
450 182 526 217 quo
555 174 695 206 cuncta
722 170 964 219 gignentium
991 179 1133 207 natura
1157 170 1235 207 fert
1248 184 1257 216 ;
1286 184 1347 207 cu-

162 230 228 278 jus
252 231 370 267 ramis
395 233 519 278 modo,
541 234 654 270 modo
680 234 941 270 eminentibus
965 235 1069 270 saxis
1094 235 1202 271 nisus
1228 235 1347 283 Ligus

167 295 316 330 castelli
335 295 536 343 planitiem
557 297 783 345 perscribit3
807 297 910 346 quod
929 298 1059 333 cuncti
1078 298 1274 334 Numidae
1293 298 1349 334 in-

167 359 268 394 tenti
287 359 567 407 proeliantibus
586 361 757 398 aderant.
802 361 1027 410 Exploratis
1046 363 1235 407 omnibus,
1251 374 1349 410 quae

168 434 259 457 mox
279 423 367 458 usui
386 422 468 459 fore
487 423 664 470 ducebat,
685 424 818 461 eadem
841 425 1069 473 regreditur,
1089 438 1169 461 non
1192 429 1348 469 temere,

169 485 229 521 uti
257 486 492 532 escenderat,
522 488 588 524 sed
616 492 773 525 tentans
802 489 931 525 omnia
958 493 999 525 et
1026 489 1347 537 circumspiciens

169 548 309 598 Itaque
333 549 504 587 Marium
525 564 685 601 propere
705 553 798 598 adit,
819 557 907 589 aeta
925 553 1070 598 edocet,
1090 553 1281 599 hortatur,
1302 553 1351 589 ab

169 625 214 649 ea
241 617 363 661 parte,
387 627 464 663 qua
491 615 573 664 ipse
598 616 832 662 escenderat,
857 617 1058 653 castellum
1086 620 1216 662 tenet;
1245 616 1353 665 polli-

170 680 280 713 cetur
312 690 393 714 sese
425 678 578 715 itineris
609 680 846 729 periculique
878 680 1026 717 ducem.
1084 680 1236 716 Marius
1265 692 1353 716 cum

171 740 326 789 Ligure,
342 742 530 790 promissa
549 743 631 791 ejus
651 744 860 792 cognitum,
876 757 925 780 ex
944 744 1212 793 praesentibus
1230 743 1338 780 misit
1345 756 1354 789 3

171 818 336 854 quorum
356 807 415 842 uti
435 807 621 856 cujusque
640 808 838 856 ingenium
858 812 953 854 erat,
973 808 1029 844 ita
1053 820 1135 844 rem
1160 807 1353 844 difficilem

171 873 241 906 aut
260 869 413 906 facilem
433 871 676 908 nunciavere.
732 872 910 909 Consulis
928 872 1081 908 animus
1100 875 1232 908 tamen
1249 871 1356 920 paul-

172 933 253 970 lum
282 939 463 972 arrectus.
523 935 664 985 Itaque
696 949 745 973 ex
774 937 884 985 copia
915 936 1134 972 tubicinum
1165 939 1205 972 et
1237 935 1357 972 corni-

173 998 304 1034 cinum
331 1012 492 1036 numero
517 1000 688 1049 quinque
713 1013 828 1049 quam
855 1000 1114 1037 velocissimos
1139 1000 1294 1048 delegit,
1318 1003 1358 1036 et

174 1075 262 1099 cum
291 1062 363 1109 his,
397 1064 589 1112 praesidio
621 1065 688 1113 qui
720 1065 861 1110 forent,
895 1068 1063 1113 quatuor
1099 1064 1355 1108 centuriones,

175 1139 383 1176 omnesque
402 1127 539 1176 Liguri
557 1141 691 1177 parere
707 1129 831 1177 jubet,
851 1132 891 1164 et
909 1128 944 1165 ei
963 1128 1118 1176 negotio
1136 1128 1356 1176 proximum

175 1190 278 1228 diem
298 1191 512 1228 constituit.

255 1256 406 1293 XCIV.
465 1257 540 1293 Sed
566 1257 634 1293 ubi
659 1270 708 1293 ex
732 1261 937 1306 praecepto
959 1260 1113 1305 tempus
1135 1256 1274 1301 visum,
1296 1269 1358 1305 pa-

176 1321 272 1358 ratis
301 1321 598 1370 compositisque
623 1322 802 1358 omnibus
829 1321 879 1358 ad
906 1321 1033 1357 locum
1058 1320 1194 1369 pergit.
1253 1319 1360 1356 Cete-

176 1398 263 1422 rum
288 1386 358 1431 illi,
379 1386 446 1434 qui
471 1386 667 1422 ascensuri
686 1389 808 1430 erant,
829 1384 1027 1434 praedocti
1052 1385 1100 1420 ab
1123 1384 1232 1429 duce,
1253 1396 1361 1419 arma

177 1454 434 1498 ornatumque
459 1453 723 1495 mutaverunt,
750 1450 876 1498 capite
901 1453 1017 1497 atque
1044 1448 1207 1497 pedibus
1232 1447 1359 1492 nudis,

177 1515 237 1551 uti
261 1518 487 1564 prospectus
512 1515 695 1563 nisusque
720 1527 789 1563 per
807 1527 902 1550 saxa
919 1513 1074 1549 facilius
1092 1512 1195 1548 foret
1208 1526 1217 1558 ;
1246 1524 1361 1560 super

177 1583 287 1627 terga
318 1579 437 1627 gladii
465 1583 505 1615 et
532 1583 653 1624 scuta,
682 1591 818 1614 verum
847 1591 892 1614 ea
919 1577 1131 1614 Numidica
1159 1589 1208 1612 ex
1235 1575 1360 1620 coriis,

178 1643 359 1693 ponderis
391 1643 517 1691 gratia
549 1642 676 1687 simul,
710 1646 750 1679 et
781 1642 927 1678 offensa
958 1654 1034 1690 quo
1065 1641 1189 1677 levius
1222 1644 1363 1688 strepe-

178 1711 276 1744 rent.
322 1707 452 1755 Igitur
470 1706 740 1756 praegrediens
759 1706 879 1754 Ligus
898 1719 992 1742 saxa
1011 1709 1051 1741 et
1069 1705 1101 1741 si
1120 1717 1218 1753 quae
1237 1708 1363 1740 vetus-

182 1776 264 1808 tate
287 1771 435 1808 radices
460 1771 684 1807 eminebant
708 1770 856 1819 laqueis
878 1769 1084 1813 vinciebat,
1111 1769 1251 1817 quibus
1277 1768 1365 1804 alle-

182 1836 265 1872 vati
283 1835 437 1872 facilius
457 1835 707 1872 escenderent
722 1848 730 1881 3
758 1834 956 1870 interdum
981 1833 1139 1869 timidos
1158 1832 1365 1868 insolentia

182 1899 335 1936 itineris
367 1899 496 1935 levare
533 1911 663 1944 manu,
692 1897 761 1934 ubi
797 1897 928 1946 paullo
965 1896 1136 1945 asperior
1172 1908 1363 1939 ascensus,

184 1963 355 2011 singulos
387 1975 479 2011 prae
511 1975 551 1998 se
578 1962 745 1998 inermes
776 1961 955 2007 mittere,
993 1960 1133 1998 deinde
1164 1960 1246 2008 ipse
1278 1972 1365 1996 cum

183 2027 338 2064 illorum
359 2027 475 2063 armis
503 2027 624 2076 sequi,
647 2039 746 2075 quac
774 2025 893 2062 dubia
918 2025 1008 2062 nisu
1035 2024 1281 2070 videbantur,
1304 2036 1366 2072 po-

185 2091 358 2127 tissimus
383 2094 546 2136 tentare,
575 2103 619 2126 ac
647 2090 800 2138 saepius
822 2089 955 2125 eadem
978 2088 1188 2125 ascendens
1215 2087 1367 2124 descen-

183 2154 367 2204 densque,
406 2154 496 2191 dein
539 2154 672 2190 statim
715 2153 946 2203 digredienS‚
985 2152 1122 2190 ceteris
1167 2151 1366 2188 audaciam
