1543 2449
173 64 221 99 88
439 63 735 101 SALLUSTJI
766 64 1073 102 JUGURTJIA.

171 149 276 185 sule:
310 149 458 185 interea
485 149 663 185 induciae
690 149 996 198 postulabantur.
1055 150 1114 187 Ea
1147 151 1276 188 Sullae
1308 155 1349 189 et

172 214 363 263 plerisque
388 215 588 263 placuere:
618 214 732 262 pauci
759 214 926 250 ferocius
951 214 1174 260 decernunt,
1201 215 1348 252 scilicet

172 279 297 327 ignari
318 278 575 314 humanarum
595 290 735 323 rerum,
756 290 854 326 quae
872 278 1000 314 fluxae
1019 282 1059 314 et
1077 279 1236 315 mobiles
1255 291 1349 315 sem-

173 355 241 391 per
259 342 301 378 in
322 342 484 378 adversa
503 345 716 378 mutantur.
767 341 946 378 Ceterum
967 342 1111 387 Mauri,
1131 342 1349 391 impetratis

173 404 349 439 omnibus
368 404 494 448 rebus,
514 407 593 439 tres
614 403 778 439 Romam
801 403 965 452 profecti
988 417 1074 440 cum
1094 403 1161 440 On.
1186 404 1349 441 Octavio

174 465 291 510 Rufo,
307 465 374 514 qui
393 470 573 513 quaestor
592 466 827 514 stipendium
846 466 888 502 in
907 466 1083 502 Africam
1103 470 1348 515 portaverat5

172 529 248 565 duo
267 529 315 565 ad
335 542 462 577 regem
483 530 656 566 redeunt.
710 530 773 566 Ex
791 530 851 567 his
871 531 1058 577 Bocchus,
1071 544 1189 579 quum
1210 536 1348 577 cetera,

172 597 255 628 tum
283 586 451 629 maxime
478 593 758 641 benignitatem
784 598 824 630 et
849 594 1021 630 studium
1048 595 1188 640 Sullae,
1213 595 1350 631 lubens

171 657 327 706 accepit.
388 657 535 694 Romae
555 658 691 706 legatis
710 659 804 707 ejus,
824 663 1027 708 postquam
1051 672 1196 695 errasse
1221 672 1349 707 regem

173 725 212 758 et
233 721 454 769 Jugurthae
473 722 613 758 scelere
632 722 782 771 lapsum
802 723 996 771 deprecati
1016 727 1118 768 sunt,
1139 723 1349 759 amicitiam

172 789 212 821 et
230 785 365 821 foedus
384 785 607 834 petentibus
625 785 697 821 hoc
715 786 828 822 modo
847 786 1101 834 respondetur
1116 800 1122 823 :
1149 790 1170 806 ‘⁶
1185 785 1350 822 Senatus

172 853 211 885 et
236 849 401 898 populus
429 849 629 885 Romanus
653 850 830 886 beneficii
856 854 896 886 et
920 850 1085 898 injuriae
1105 862 1250 886 memor
1269 862 1350 886 esse

172 913 290 950 solet:
338 918 507 949 ceterum
554 914 717 959 Boccho,
759 914 940 962 quoniam
987 915 1171 963 poenitet,
1218 914 1351 950 delicti

170 976 334 1024 gratiam
361 976 477 1013 facit:
507 976 642 1012 foedus
668 980 709 1013 et
733 977 904 1013 amicitia
930 977 1138 1023 dabuntur,
1160 991 1247 1013 cum
1273 990 1349 1013 me-

172 1041 302 1077 ruerit.
310 1040 327 1056 ’²
656 1086 657 1089 Ἴ

251 1105 332 1142 CV.
392 1105 509 1149 Queis
535 1105 648 1140 rebus
675 1106 837 1153 cognitis
861 1106 1036 1142 Bocchus
1062 1119 1130 1155 per
1154 1106 1305 1143 litteras
1328 1120 1351 1143 a

171 1169 299 1205 Mario
322 1169 474 1218 petivit,
496 1169 555 1205 uti
582 1170 728 1206 Sullam
754 1170 803 1207 ad
829 1184 868 1208 se
893 1172 1089 1217 mitteret3
1119 1172 1228 1219 cujus
1254 1171 1351 1207 arbi·
1384 1180 1388 1185 ·

172 1238 279 1270 tratu
298 1234 344 1271 de
361 1235 627 1271 communibus
646 1235 810 1283 negotiis
829 1235 1101 1271 consuleretur.
1152 1235 1193 1270 Is
1212 1234 1351 1270 missus

172 1311 258 1334 cum
290 1298 481 1347 praesidio
514 1298 688 1346 equitum
721 1302 836 1346 atque
869 1298 1056 1347 peditum,
1090 1298 1183 1334 item
1220 1298 1349 1334 fundi-

172 1366 299 1398 torum
328 1362 549 1398 Balcarium
564 1375 574 1408 3
601 1366 800 1410 praeterea
828 1362 1030 1410 sagittarii,
1055 1365 1094 1397 et
1122 1362 1255 1398 cohors
1283 1361 1352 1398 Pe-

172 1425 276 1473 ligna
291 1437 377 1460 cum
393 1424 620 1460 velitaribus
640 1425 768 1470 armis,
785 1425 935 1461 itineris
954 1425 1185 1474 properandi
1205 1438 1350 1471 caussa,

172 1501 296 1537 neque
321 1488 380 1524 his
407 1501 515 1524 secus
537 1492 653 1537 atque
679 1489 766 1525 aliis
791 1489 908 1525 armis
934 1489 1138 1525 adversum
1164 1489 1242 1525 tela
1269 1489 1352 1524 lios-

172 1552 283 1597 tium,
315 1552 417 1600 quod
450 1565 495 1588 ea
526 1552 628 1588 levia
661 1556 763 1598 sunt,
798 1552 949 1588 muniti.
1009 1552 1084 1588 Sed
1121 1551 1162 1588 in
1199 1552 1350 1596 itinere,

172 1615 309 1664 quinto
341 1615 506 1664 donique
537 1615 610 1661 die,
643 1615 777 1652 Volux
809 1616 912 1652 filius
946 1616 1089 1652 Bocchi
1121 1619 1278 1664 repente
1310 1615 1353 1651 in

173 1681 316 1730 campis
344 1681 569 1730 patentibus
598 1694 684 1717 cum
712 1682 818 1718 mille
848 1694 927 1717 non
958 1681 1125 1729 amplius
1157 1681 1352 1729 equitibus

173 1757 252 1781 sese
272 1745 443 1781 ostendit
455 1758 465 1792 ;
494 1745 561 1794 qui
587 1749 730 1781 temere
749 1749 789 1781 et
812 1746 929 1781 effuse
949 1748 1085 1780 euntes
1105 1744 1234 1780 Sullae
1253 1743 1353 1779 aliis-

173 1822 245 1857 que
265 1809 443 1844 omnibus
462 1813 502 1845 et
524 1822 728 1844 numerum
748 1809 978 1857 ampliorum
999 1820 1089 1843 vero
1109 1811 1149 1843 et
1174 1807 1352 1842 hostilem

172 1876 318 1908 metum
338 1873 562 1909 efficiebant.
609 1872 738 1921 Igitur
757 1885 837 1909 sese
857 1873 1018 1922 quisque
1037 1873 1230 1921 expedire,
1247 1885 1353 1908 arma

173 1938 288 1983 atque
317 1935 395 1970 tela
423 1939 586 1981 tentare,
620 1935 844 1972 intendere:
882 1935 1000 1971 timor
1031 1935 1255 1984 aliquantus
1287 1935 1353 1971 sed

173 2011 258 2047 spos
277 1999 451 2047 amplior,
472 2000 614 2048 quippe
634 1999 858 2044 victoribus,
878 2003 918 2035 et
940 1999 1143 2035 adversum
1164 2012 1238 2044 eos,
1259 2011 1354 2048 quos

173 2060 285 2110 saepe
323 2061 506 2098 vicerant.
566 2062 732 2098 Interim
770 2063 930 2111 equites,
969 2063 1211 2111 exploratum
1248 2075 1354 2111 prae-

173 2125 291 2171 missi,
312 2138 405 2171 rem,
428 2126 486 2161 uti
506 2130 600 2172 erat,
621 2127 791 2175 quietam
812 2127 1010 2164 nunciant.
