1543 2449
201 91 249 127 86
470 91 604 145 SALL
615 92 768 130 USTII
800 93 910 130 JUG
919 93 1116 130 URTJIA.

199 189 322 212 meres
341 177 518 213 acerbam
538 177 876 224 necessitudinem,
896 179 1043 227 pariter
1061 182 1100 215 te
1126 181 1319 215 errantem
1345 181 1385 215 et

199 239 310 275 illum
336 239 673 276 sceleratissimum
702 241 890 289 persequi.
948 241 1016 277 Ad
1043 240 1115 277 1100
1140 241 1283 290 populo
1309 241 1386 278 Ro-

199 316 313 340 mano
341 304 423 352 jam
457 317 480 340 a
506 304 698 353 principio
733 302 870 356 [inopi]
904 305 1042 341 melius
1073 305 1213 351 visum,
1242 305 1385 342 amicos

199 382 315 417 quam
336 382 465 405 servos
485 382 686 418 quaerereg
712 369 914 418 tutiusque
933 370 1010 405 rati
1029 370 1249 407 volentibus
1268 383 1384 420 quam

200 434 344 470 coactis
367 434 600 482 imperitare.
659 434 746 470 Tibi
772 447 863 470 vero
890 434 999 470 nulla
1024 435 1278 483 opportunior
1301 448 1386 472 nos-

199 503 261 534 tra
289 498 484 545 amicitia3
513 498 694 547 primum,
723 498 826 547 quod
853 499 988 547 procul
1016 499 1211 545 absumus,
1240 500 1282 536 in
1309 513 1386 549 quo

199 564 366 599 offensae
391 563 608 609 minimum,
629 563 755 612 gratia
780 576 851 612 par
876 576 920 599 ac
947 563 980 599 si
1004 576 1123 612 prope
1142 563 1361 600 adessemus
1374 577 1384 610 3

199 627 301 673 dein,
317 627 419 676 quod
438 631 619 676 parentes
639 627 792 664 abunde
812 627 1009 673 habemus,
1030 628 1241 664 amicorum
1260 641 1386 677 neque

199 691 311 727 nobis
339 704 464 739 neque
490 691 670 740 cuiquam
696 691 869 727 omnium
896 691 1000 728 satis.
1058 691 1193 740 Atque
1218 691 1290 727 1100
1313 692 1388 728 uti-

200 769 289 791 nam
318 769 341 792 a
368 755 559 804 principio
591 755 665 791 tibi
696 756 927 804 placuisset!
964 755 1139 804 profecto
1167 768 1216 791 ex
1243 755 1387 804 populo

200 820 379 856 Romano
404 820 454 856 ad
479 820 550 857 1100
576 824 730 869 tempus
755 821 879 856 multo
904 821 1018 870 plura
1042 821 1144 857 bona
1162 821 1385 869 accepisses,

199 896 315 932 quam
343 884 445 919 mala
470 897 674 933 perpessus
700 897 748 920 es.
808 884 895 929 Sed,
920 884 1103 933 quoniam
1128 884 1387 920 humanarum

199 960 327 983 rerum
349 947 524 983 Fortuna
543 948 725 996 pleraque
746 948 856 996 regit,
879 949 941 984 cui
967 949 1115 985 seilicet
1139 949 1329 997 placuisse
1348 952 1389 984 te

200 1015 240 1047 et
258 1011 338 1046 vim¹
359 1015 398 1047 et
420 1011 585 1059 gratiam
609 1015 781 1047 nostram
803 1012 982 1060 experiri,
1003 1025 1118 1058 1111110,
1140 1012 1294 1061 quando
1319 1025 1389 1061 per

199 1075 308 1110 illam
346 1075 449 1121 licet,
479 1075 623 1111 festina
660 1080 777 1124 atque
805 1080 851 1112 ut
879 1077 1040 1125 coepisti
1072 1089 1197 1125 perge.
1256 1076 1388 1112 Multa

200 1143 317 1188 atque
355 1143 574 1188 opportuna
616 1140 746 1186 habes,
785 1153 861 1189 quo
898 1141 1052 1177 facilius
1089 1145 1218 1177 errata
1254 1141 1388 1177 officiis

200 1216 366 1252 superes.
426 1203 627 1240 Postremo
646 1204 718 1240 1100
737 1204 779 1240 111
798 1208 932 1253 pectus
952 1209 1064 1240 tuum
1085 1205 1258 1250 demitte,
1279 1198 1392 1241 numss

200 1282 315 1317 quam
354 1269 541 1317 populum
580 1269 801 1306 Romanum
838 1270 1035 1306 beneficiis
1072 1270 1243 1306 victum:
1283 1283 1386 1315 nam,

199 1335 301 1371 bello
321 1335 412 1383 quid
441 1335 581 1380 valeat,
601 1338 688 1371 tute
711 1335 817 1372 scis.''

872 1335 939 1371 Ad
966 1348 1011 1371 ea
1036 1335 1213 1371 Bocchus
1237 1335 1387 1383 placide

200 1404 240 1436 et
264 1401 454 1449 benigne}
484 1400 599 1436 simul
624 1414 748 1449 pauca
772 1413 842 1449 pro
867 1401 1008 1437 delicto
1034 1413 1103 1437 suo
1127 1401 1247 1437 verba
1268 1400 1387 1436 facit:

202 1467 272 1500 “se
292 1476 370 1499 11011
389 1463 521 1499 hostili
542 1464 682 1509 animo,
703 1464 770 1501 sed
790 1465 837 1501 ob
857 1477 1018 1513 regnum
1038 1464 1260 1509 tutandum,
1280 1477 1388 1499 arma

201 1527 367 1576 cepisse:
397 1541 487 1563 nam
516 1528 729 1565 Numidiae
756 1532 919 1577 partem,
949 1528 1052 1565 unde
1080 1528 1121 1564 vi
1147 1527 1386 1576 Jugurtham

200 1591 406 1640 expulerit,
441 1592 530 1639 jure
566 1592 659 1628 belli
697 1605 805 1628 suam
843 1593 999 1638 factam,
1034 1605 1117 1629 eam
1155 1591 1302 1628 vastari
1339 1591 1388 1627 ab

200 1655 330 1691 Mario
348 1655 432 1704 pati
450 1655 687 1704 nequivisse,
708 1661 918 1705 praeterea,
938 1656 1066 1693 missis
1085 1660 1201 1692 antea
1219 1655 1385 1692 Romam

200 1721 350 1769 legatis,
374 1721 572 1769 repulsum
599 1722 648 1757 ab
673 1722 853 1758 amicitia.
913 1721 1094 1758 Ceterum
1120 1724 1253 1757 vetera
1278 1721 1388 1757 omit-

201 1790 294 1831 tere,
319 1798 363 1822 ac
388 1789 485 1830 tum,
511 1786 543 1821 si
567 1799 636 1835 per
661 1786 833 1822 Marium
862 1786 1007 1832 liceret,
1030 1786 1176 1834 legatos
1205 1785 1254 1822 ad
1282 1798 1387 1822 sena-

202 1853 286 1885 tum
320 1849 563 1886 missurum.’⁷

618 1849 734 1895 Dein,
765 1850 874 1899 copia
902 1850 1017 1895 facta,
1047 1850 1200 1886 animus
1231 1849 1387 1885 barbari

201 1914 251 1949 ab
288 1914 422 1949 amicis
459 1914 594 1960 flexus,
629 1927 724 1963 quos
761 1914 972 1963 Jugurtha,
1007 1914 1161 1962 cognita
1196 1914 1388 1962 legatione

203 1978 334 2014 Sullae
363 1982 403 2014 et
430 1978 584 2025 Manlii,
614 1983 791 2015 metuens
818 1979 859 2015 id
889 1978 991 2027 quod
1023 1978 1246 2027 parabatur,
1276 1977 1387 2013 donis

203 2045 436 2089 corruperat.

283 2105 396 2142 CIII.
456 2105 608 2142 Marius
635 2106 796 2152 interea,
823 2106 998 2143 exercitu
1023 2105 1065 2141 in
1090 2104 1262 2141 hibernis
1290 2117 1387 2140 00111-

202 2169 340 2219 posito,
372 2182 458 2205 011111
492 2170 684 2219 expeditis
718 2170 939 2207 cohortibus
972 2175 1012 2206 et
1047 2173 1157 2218 parte
1190 2169 1387 2218 equitatus
