1543 2449
204 96 279 134 124
475 95 775 135 SALLUSTII
806 94 1120 133 JUGURTHA.

266 184 298 216 7.
346 185 393 215 ob
407 183 495 222 rem]
519 181 577 221 i.q.
596 183 633 212 in
648 191 726 218 rem,
743 190 781 211 or
797 190 838 212 ex
851 190 896 212 re.

267 249 297 280 8.
346 247 637 286 suomet...more]
660 245 718 285 i.q.
738 247 807 277 suis
829 247 980 284 moribus,
1009 244 1185 285 “through
1208 243 1296 276 their
1318 253 1392 276 own

202 291 323 322 viceS.”
368 292 440 321 Mos
465 291 550 329 sing.
575 290 628 320 for
650 299 751 320 mores
773 288 861 329 plur.
909 289 978 320 Cic.
1001 289 1106 320 Acad.
1130 288 1152 319 i.
1176 289 1227 328 10,
1252 288 1394 319 virtutes

202 336 328 366 natura
343 335 402 364 aut
418 342 510 363 more
525 332 702 372 perfectae.

267 401 295 432 9.
345 401 570 436 quaestiones
592 400 735 429 habitae
758 398 855 436 sunt]
901 395 1171 427 “Prosecutions
1190 406 1274 428 were
1296 395 1393 427 insti-

203 442 334 517 titiigtfffodts
379 443 604 481 Quaestiones‚
622 441 797 480 questions
814 441 849 471 of
867 445 978 480 caput,
995 440 1051 471 i.e.
1067 439 1126 470 life
1142 439 1210 470 and
1225 438 1300 470 civil
1317 448 1394 470 con-

269 551 320 582 10.
365 552 476 587 Regni
509 549 662 588 paratio]
717 548 901 587 “Attempt
946 549 982 578 at
1023 546 1115 586 regal
1156 546 1393 586 usurpation.”

206 594 334 635 (Comp.
372 594 472 624 Catil.
507 594 537 630 5,
571 591 652 622 dum
682 591 745 622 sibi
774 600 916 629 regnum
945 592 1089 629 pararet.
1137 589 1181 621 So
1210 589 1309 626 infra,
1337 598 1394 628 pa-

204 636 302 668 randi
329 635 413 676 juris
439 634 576 674 gratia.)
622 634 707 665 This
736 634 765 665 is
795 643 839 665 an
869 632 1010 665 ironieal
1040 631 1235 664 concession
1265 642 1309 663 on
1338 631 1395 663 the

205 679 373 719 speaker's
388 678 476 718 part.

270 744 319 776 11.
368 745 506 783 ulcisci]
550 743 592 774 In
619 753 638 774 a
664 741 799 782 passive
824 751 932 779 sense,
958 751 996 773 as
1020 741 1056 772 in
1079 741 1152 774 Liv.
1180 751 1210 773 V.
1230 740 1282 777 49,
1311 749 1396 779 quae

205 786 339 818 defendi
363 787 534 826 repetique
558 789 591 817 et
615 786 732 817 ulcisci
759 785 811 816 fas
834 786 895 816 est.
941 785 1014 817 Val.
1034 785 1142 816 Flaco.
1166 783 1210 815 iv.
1228 785 1299 822 750,
1327 783 1396 821 lege

205 830 326 861 occidit
346 830 439 860 ultus
460 829 533 868 ipse
554 839 625 861 sua.
676 827 813 859 “Activi
836 829 1023 858 ulciscerem
1046 827 1236 867 exemplum
1259 825 1397 858 tradidit

205 882 246 904 ex
258 872 372 904 Ennio
387 872 530 909 Nonius,
547 873 619 904 292.
641 871 713 903 16.”
759 870 912 903 Dietseh.
929 872 966 901 in
983 872 1041 901 loc.

270 937 320 968 12.
368 935 552 976 nequitur]
598 935 682 966 This
705 934 839 974 passive
866 934 953 965 form
978 942 1096 965 occurs
1123 933 1160 964 in
1183 943 1203 964 a
1224 933 1344 972 fragm.
1361 932 1398 964 of

204 979 381 1016 Pacuvius,
405 979 564 1010 contendi
586 978 780 1017 nequitum:
806 977 843 1008 of
864 977 1020 1013 Plautus,
1041 976 1183 1007 Retrahi
1203 976 1396 1014 nequitum:

206 1023 243 1054 of
258 1023 350 1061 Cato,
373 1023 464 1060 Oris).
483 1023 512 1059 1,
535 1021 623 1060 quod
642 1021 803 1052 Termino
819 1021 938 1051 fanum
954 1020 1032 1055 fuit,
1053 1019 1089 1049 id
1104 1018 1279 1058 nequitum
1298 1028 1397 1049 exau-

206 1065 329 1105 gurari.
377 1066 511 1096 Lueret.
533 1064 554 1096 i.
579 1065 672 1103 1044,
701 1064 766 1095 has
793 1069 952 1104 queatur:
979 1062 1045 1093 and
1071 1062 1140 1093 this
1167 1061 1259 1093 word
1282 1070 1398 1092 occurs

206 1108 279 1140 also
295 1108 331 1139 in
349 1108 490 1140 Plautus
506 1107 574 1139 and
591 1107 744 1139 Terence.

271 1174 322 1204 13.
367 1173 533 1212 Expflari]
578 1173 752 1211 ExpiIare,
774 1171 833 1209 i.q.
857 1171 1042 1210 compilare,
1071 1170 1136 1199 “to
1161 1167 1312 1208 plunder,
1337 1167 1397 1206 pil—

205 1216 317 1290 }iaxgeb’g
332 1216 432 1298 Ρέξὲ
452 1215 573 1255 simple
595 1215 683 1246 form
699 1216 784 1254 pilo,
810 1214 897 1244 from
916 1214 1018 1253 pilus,
1039 1213 1073 1243 to
1096 1211 1186 1242 drive
1203 1220 1222 1242 a
1239 1210 1346 1247 stake,
1363 1212 1398 1241 to

255 1283 262 1297 ,
430 1284 436 1291 .

272 1323 323 1354 14.
367 1322 505 1360 Parum]
553 1321 650 1352 “Not
671 1319 844 1358 enough;'’
870 1317 986 1349 minus
1002 1326 1104 1356 quam
1120 1325 1184 1355 par
1201 1317 1262 1347 est,
1310 1314 1400 1346 Used

207 1365 404 1406 adjectively
419 1365 456 1395 in
475 1365 534 1395 the
552 1373 648 1395 sense
665 1363 701 1394 of
714 1371 867 1402 parvum,
883 1361 981 1399 little,
1001 1370 1038 1390 or
1053 1362 1110 1390 too
1125 1359 1223 1392 little.
1271 1358 1316 1391 So
1331 1358 1399 1389 Cic.

208 1411 245 1440 de
263 1410 326 1449 Off.
343 1407 366 1439 i.
384 1409 435 1445 25,
453 1417 536 1446 quae
553 1410 603 1438 est
619 1407 709 1437 inter
724 1405 872 1436 nimium
887 1405 920 1435 et
936 1413 1067 1443 parum.

273 1475 322 1507 15.
371 1474 553 1513 Incedunt]
610 1471 760 1503 “March
788 1470 872 1503 with
902 1480 923 1502 a
958 1478 1070 1509 grave,
1112 1466 1272 1508 dignified
1298 1466 1400 1507 gait.'‘

207 1517 299 1557 Virg.
317 1519 397 1548 Aen.
415 1526 438 1549 1.
459 1518 515 1548 50:

575 1569 654 1598 Quae
671 1568 773 1592 Divum
790 1567 884 1592 incedo
901 1565 1002 1596 regina.

208 1612 284 1643 And
300 1611 419 1651 again:

576 1665 612 1690 Et
628 1671 693 1689 vera
708 1663 815 1688 incessu
831 1662 920 1693 patuit
936 1662 1003 1686 Dea.

209 1710 343 1742 Lucret.
360 1709 408 1743 iii.
426 1709 485 1742 75:

424 1773 547 1797 Macorat
563 1771 663 1796 invidia
679 1772 742 1795 ante
759 1770 851 1793 oculos
868 1769 947 1793 illum
964 1775 1021 1793 esse
1038 1769 1183 1799 potentem,

424 1805 509 1829 Illum
525 1803 658 1834 aspecturi
675 1803 803 1831 claroque
821 1800 944 1825 incedere
959 1800 1068 1824 honore.

213 1908 231 1938 1
261 1865 328 1939 616.
373 1868 436 1897 Per
460 1865 534 1904 ora]
584 1863 737 1894 “Before
763 1870 849 1901 your
870 1858 980 1900 eyeS.'’
1026 1857 1144 1896 Comp.
1165 1855 1250 1887 Hor.
1276 1854 1348 1886 Sat.
1367 1852 1403 1884 ii.

236 1932 243 1939 .
283 1918 321 1939 o:

609 1947 720 1972 Nitidus
736 1953 791 1977 qua
807 1945 920 1976 quisque
936 1950 985 1975 per
1000 1949 1049 1967 ora

519 1979 632 2004 Cederet
647 1979 797 2003 introrsum
813 1976 907 2007 turpis.

214 2031 340 2071 Justin,
358 2031 425 2063 xvi.
442 2031 473 2069 5,
490 2033 661 2062 senatores
677 2040 736 2070 per
751 2039 810 2061 ora
826 2028 951 2060 civium
966 2025 1084 2058 trahit.

279 2105 329 2137 17.
378 2107 525 2142 Imperio
548 2105 639 2144 nati]
684 2102 802 2141 Comp.
823 2100 889 2133 Cic.
913 2101 949 2131 de
966 2099 1064 2130 Prov.
1084 2097 1177 2128 cons.
1194 2095 1224 2132 5,
1249 2092 1406 2125 nationes

214 2149 317 2179 natae
333 2147 498 2178 servituti.
538 2147 614 2178 Tac.
635 2147 660 2177 A
666 2148 747 2185 yric.
765 2146 816 2181 31,
832 2146 915 2175 nata
931 2139 1085 2173 servituti
1099 2137 1278 2177 mancipia.
1319 2136 1404 2167 Vell.

215 2191 251 2222 ii.
269 2191 341 2229 118,
368 2192 490 2221 natum
513 2189 690 2221 mendacio
720 2197 836 2227 genus,
883 2186 952 2217 For
980 2184 1039 2216 the
1069 2181 1264 2220 sentiment,
1294 2188 1404 2219 comp.
