1543 2449
218 103 268 141 64
494 103 629 141 SALL
639 96 791 140 USTII
824 99 1133 140 JUGURTIIA.

217 189 431 226 communis
463 190 667 238 utriusque
698 188 834 237 populi
860 188 950 224 finis
977 187 1219 225 haberetur.’'
1274 187 1404 237 Igitur

218 254 453 302 Carthagine
472 253 549 290 duo
568 253 709 289 fratres
728 251 847 298 missi,
868 252 1009 301 quibus
1036 265 1178 288 nomen
1205 251 1405 289 Philaenis

217 322 312 363 erat,
327 321 574 354 maturavere
588 316 665 353 iter
675 328 851 365 pergere:
882 315 1123 364 Cyrenenses
1141 315 1292 352 tardius
1311 315 1400 352 iere.

217 383 267 420 Id
286 381 509 419 secordiane
528 394 579 417 an
598 392 716 416 causa
733 380 938 425 accideret,
952 390 1091 428 parum
1106 379 1277 428 cognovi.
1337 379 1404 416 Ce-

217 451 345 483 terum
376 446 475 482 solet
499 445 541 481 in
570 444 648 480 illis
676 444 770 480 locis
798 447 1009 492 tempestas
1027 443 1133 479 haud
1152 455 1261 480 secus
1288 447 1407 492 atque

217 510 260 546 in
277 509 376 545 mari
394 509 571 545 retinere.
631 507 736 544 Nam
765 507 833 544 ubi
855 519 924 556 per
942 507 1027 543 loca
1045 506 1223 556 aequalia
1240 510 1281 543 et
1299 506 1407 543 nuda

217 573 461 623 gignentium
480 576 622 608 ventus
642 575 797 608 coortus
816 583 974 608 arenam
1002 570 1120 607 humo
1140 570 1340 616 excitavit,
1360 582 1407 606 ea

218 650 358 686 magna
394 637 435 673 vi
470 637 619 685 agitata
654 648 723 672 ora
758 635 964 684 oculosque
1001 634 1162 683 implere
1190 634 1289 670 solet
1302 647 1313 681 3
1349 634 1407 670 ita

217 705 424 752 prospectu
442 701 630 750 impedito
642 700 784 736 morari
798 700 882 736 iter.
942 699 1154 747 Postquam
1168 698 1407 747 Cyrenenses

217 767 419 815 aliquanto
441 765 672 814 posteriores
701 777 741 800 se
760 764 908 809 vident,
929 767 970 799 et
997 763 1046 799 ob
1074 774 1155 798 rem
1184 764 1405 810 corruptam

218 831 323 868 domi
341 842 485 880 poenas
504 831 698 874 metuunt,
720 827 918 863 criminari
947 826 1287 875 Carthaginienses
1315 829 1406 861 ante

218 901 373 944 tempus
402 894 516 930 domo
548 893 738 941 digressos
767 891 999 928 conturbare
1021 903 1115 936 rem,
1136 890 1303 938 denique
1331 902 1407 925 om-

218 959 285 996 nia
303 959 430 1003 malle,
450 970 566 1006 quam
586 957 682 992 victi
709 956 825 992 abire.
886 955 973 1000 Sed,
994 968 1114 1003 quum
1143 953 1266 990 Poeni
1290 953 1406 989 aliam

219 1022 496 1068 condicionem,
535 1020 806 1057 tantummodo
838 1032 1013 1068 aequam,
1046 1022 1236 1068 peterent,
1269 1017 1408 1054 Graeci

219 1086 416 1135 optionem
445 1084 832 1133 Carthaginiensibus
860 1083 1023 1129 faciunt,
1046 1086 1122 1119 “ut
1140 1083 1202 1118 vel
1221 1082 1291 1128 illi,
1312 1094 1408 1130 quos

219 1151 316 1187 fines
345 1150 488 1199 populo
521 1162 590 1186 suo
623 1152 813 1198 peterent,
841 1148 896 1184 ibi
926 1148 1007 1183 vivi
1034 1148 1316 1193 obruerentur3
1345 1146 1408 1182 vel

219 1214 354 1251 cadem
391 1214 616 1250 condicione
653 1225 735 1249 sese
771 1225 885 1261 quem
914 1212 956 1247 in
984 1212 1111 1248 locum
1143 1211 1291 1247 vellent
1324 1210 1409 1259 pross

220 1278 426 1315 cessuros.''
482 1278 662 1314 Philaeni
688 1277 911 1314 condicione
937 1277 1112 1326 probata,
1133 1289 1249 1325 seque
1272 1276 1409 1312 vitam-

219 1355 294 1391 que
326 1342 562 1391 reipublicae
592 1341 880 1378 condonavere:
916 1342 973 1378 ita
1005 1341 1088 1377 vivi
1120 1341 1260 1377 obruti.
1320 1340 1409 1377 Car-

219 1407 483 1455 thaginienses
502 1406 544 1442 in
563 1419 607 1443 eo
626 1406 709 1443 loco
729 1406 929 1443 Philaenis
957 1406 1147 1442 fratribus
1175 1418 1262 1442 aras
1282 1418 1409 1442 conse-

220 1483 376 1507 cravere
390 1484 400 1518 3
429 1471 573 1519 aliique
604 1470 683 1507 illis
715 1470 821 1506 domi
852 1470 1017 1506 honores
1046 1470 1231 1506 instituti.
1290 1469 1410 1506 Nunc

219 1534 269 1571 ad
289 1547 369 1570 rem
389 1534 513 1570 redeo.

299 1598 473 1634 LXXX.
531 1598 559 1635 J
562 1597 732 1646 ugurtha
758 1601 963 1647 postquam
992 1598 1133 1634 amissa
1161 1597 1284 1634 Thala
1310 1596 1409 1634 nihil

219 1662 315 1699 satis
334 1662 489 1698 firmum
510 1665 646 1698 contra
674 1661 881 1698 Metellum
909 1665 1036 1710 putat,
1057 1674 1126 1710 per
1145 1673 1304 1709 magnas
1325 1660 1411 1697 soli-

219 1726 378 1763 tudines
410 1739 497 1762 cum
525 1726 660 1775 paucis
687 1725 887 1775 profectus
915 1726 1097 1774 pervenit
1125 1725 1175 1762 ad
1208 1725 1406 1771 Gaetulos,

219 1803 341 1839 genus
373 1790 575 1826 hominum
608 1790 734 1826 ferum
771 1790 1041 1838 incultumque
1078 1793 1119 1826 et
1155 1801 1199 1825 eo
1236 1793 1409 1838 tempore

219 1855 399 1903 ignarum
427 1855 596 1891 nominis
629 1854 808 1890 Romani.
867 1854 1015 1891 Eorum
1044 1853 1335 1890 multitudinem
1367 1854 1410 1890 in

220 1931 343 1954 unum
374 1919 488 1967 cogit,
522 1931 566 1955 ac
593 1919 799 1967 paullatim
822 1918 1062 1955 consuefacit
1080 1918 1235 1954 ordines
1253 1917 1407 1964 habere,

221 1982 331 2030 signa
363 1983 484 2031 sequi,
513 1982 720 2031 imperium
748 1983 965 2028 observare,
995 1982 1090 2018 item
1118 1982 1196 2018 alia
1222 1982 1409 2019 militaria

221 2045 357 2082 facere.
416 2046 624 2082 Praeterea
643 2046 743 2095 regis
762 2046 909 2082 Bocchi
925 2046 1123 2095 proximos
1150 2046 1301 2095 magnis
1327 2058 1409 2083 mu-

221 2111 379 2147 neribus
407 2114 447 2146 et
474 2111 687 2158 majoribus
714 2110 914 2160 promissis
941 2110 991 2147 ad
1027 2110 1202 2147 studium
1238 2109 1299 2146 sui
1325 2122 1409 2159 per-

221 2174 332 2211 ducit
343 2188 353 2222 3
382 2175 491 2224 queis
510 2175 754 2223 adjutoribus
773 2187 902 2224 regem
930 2187 1132 2224 aggressus
1150 2174 1328 2224 impellit,
1349 2175 1409 2211 uti
