1543 2449
269 493 322 542 C.
383 493 818 543 SALLUSTII
880 494 1144 544 CRISPI

464 609 926 662 JUGURTHA.

198 823 230 861 I.
288 824 417 862 FALso
433 825 608 874 queritur
622 825 669 861 de
688 829 829 860 natura
844 837 913 861 sua
926 836 1047 872 genus
1066 823 1292 868 humanum,

119 891 220 940 quod
249 893 442 930 imbecilla
469 898 584 942 atque
612 893 698 930 aevi
727 893 855 929 brevis
885 892 986 929 forte
1015 892 1145 941 potius
1177 905 1292 941 quam

119 957 264 993 virtute
283 961 448 1005 regatur.
505 956 609 993 Nam
630 960 764 992 contra
782 955 998 1004 reputando
1021 968 1145 1004 neque
1168 956 1293 1004 majus

118 1020 223 1057 aliud
250 1033 373 1069 neque
401 1020 671 1069 praestabilius
696 1020 881 1065 invenies,
905 1019 1102 1068 magisque
1130 1023 1292 1056 naturae

117 1083 347 1119 industriam
376 1083 576 1120 hominum
606 1097 721 1133 quam
751 1084 830 1120 vim
863 1087 933 1120 aut
964 1087 1117 1131 tempus
1149 1082 1289 1119 deesse.

118 1147 192 1183 Sed
211 1146 292 1183 dux
310 1151 426 1195 atque
444 1147 653 1195 imperator
671 1147 775 1184 vitae
794 1147 1016 1183 mortalium
1040 1146 1192 1182 animus
1211 1150 1291 1192 est3

116 1211 183 1260 qui
219 1211 286 1247 ubi
321 1211 370 1247 ad
407 1211 566 1260 gloriam
603 1212 762 1248 virtutis
799 1213 864 1248 via
894 1215 1102 1260 grassatur,
1139 1212 1292 1249 abunde

115 1274 263 1322 pollens
285 1277 496 1322 potensque
520 1278 560 1310 et
585 1275 711 1310 clarus
735 1278 805 1319 est,
832 1287 956 1323 neque
981 1274 1161 1310 fortunae
1188 1278 1275 1323 eget
1282 1288 1292 1320 3

115 1337 256 1386 quippe
275 1351 372 1386 quae
397 1340 641 1387 probitatem,
661 1339 905 1385 industriam,
925 1340 1021 1376 alias
1045 1343 1148 1375 artes
1172 1340 1292 1376 bonas

115 1416 239 1452 neque
261 1404 352 1440 dare
376 1417 500 1452 neque
525 1404 677 1452 eripere¹
691 1404 869 1452 cuiquam
895 1406 1022 1452 potest
1035 1416 1045 1450 3
1073 1403 1134 1439 sin
1157 1406 1292 1451 captus

116 1467 245 1515 pravis
269 1468 515 1516 cupidinibus
540 1468 588 1504 ad
614 1468 793 1504 inertiam
820 1472 860 1504 et
884 1468 1105 1516 voluptates
1123 1467 1292 1516 corporis

114 1542 267 1579 pessum
292 1531 406 1567 datus
431 1535 500 1576 est,
521 1531 733 1580 perniciosa
758 1531 932 1567 lubidine
954 1530 1164 1579 paullisper
1186 1543 1289 1575 usus,

116 1594 182 1630 ubi
207 1607 275 1643 per
299 1595 510 1631 socordiam
536 1595 649 1640 vires,
670 1599 835 1644 tempus,
859 1595 1056 1643 ingenium
1083 1594 1289 1638 defluxere,

114 1662 276 1695 naturae
308 1659 512 1695 infirmitas
543 1663 769 1706 accusatum
802 1672 910 1695 suam
944 1658 1105 1706 quisque
1138 1658 1290 1706 culpam

115 1725 289 1759 auctores
314 1722 362 1759 ad
388 1723 541 1771 negotia
565 1722 817 1759 transferunt.
876 1721 988 1766 Quod
1013 1722 1046 1757 si
1070 1721 1290 1757 hominibus

114 1787 301 1822 bonarum
326 1799 454 1823 rerum
479 1790 590 1823 tanta
609 1799 702 1832 cura
720 1790 830 1831 esset,
852 1789 997 1835 quanto
1017 1785 1145 1822 studio
1164 1785 1290 1821 aliena

114 1862 157 1885 ac
171 1849 269 1885 nihil
288 1850 503 1898 profutura,
517 1850 760 1899 multumque
775 1850 891 1886 etiam
910 1849 1123 1898 periculosa
1137 1853 1288 1898 petunt,

113 1926 237 1962 neque
263 1918 488 1962 regerentur
515 1914 636 1962 magis
667 1926 782 1962 quam
815 1916 992 1961 regerent
1024 1926 1145 1958 casus,
1174 1917 1214 1949 et
1245 1926 1289 1950 eo

113 1980 391 2028 magnitudinis
419 1980 681 2028 procederent,
713 1979 772 2015 uti
804 1992 873 2028 pro
905 1978 1132 2015 mortalibus
1168 1977 1290 2026 gloria

113 2043 260 2079 aeterni
279 2043 424 2080 fierent.

192 2107 247 2144 H.
305 2108 408 2144 Nam
452 2108 511 2144 uti
552 2120 673 2156 genus
714 2106 914 2144 hominum
951 2105 1204 2155 compositum
1239 2118 1289 2141 ex

112 2171 241 2207 anima
271 2174 311 2207 et
343 2184 510 2220 corpore,
541 2171 597 2208 ita
629 2184 688 2208 res
721 2174 882 2207 cunctae
919 2170 1123 2219 studiaque
1159 2169 1288 2206 omnia

217 2258 301 2285 we.
1160 2245 1177 2281 1
