1543 2449
170 77 216 113 92
433 77 569 116 SALL
579 77 731 115 USTII
764 76 1072 116 JUGURTHA.

167 175 251 199 sum
280 167 448 199 armatos
473 163 591 199 armis
618 166 771 198 tutatus
797 175 891 198 sum.
950 162 999 199 Id
1022 163 1172 208 omitto,
1193 163 1347 211 quando

167 227 276 263 vobis
302 227 359 263 ita
383 227 511 276 placet
523 240 533 273 3
561 226 694 274 gerite,
716 226 775 262 uti
795 226 927 272 vultis,
948 239 1034 263 cum
1054 227 1081 264 J
1085 227 1253 276 ugurtha
1270 228 1348 264 bel-

166 291 256 328 lum.
311 291 394 340 Ego
413 291 558 327 fiumen
573 290 813 336 Mulucham,
830 290 932 339 quod
951 291 1054 327 inter
1072 303 1132 327 me
1152 294 1192 326 et
1210 290 1348 339 Micip-

166 367 247 391 sam
275 354 364 399 fuit,
393 366 472 389 non
499 352 684 401 egrediar,
713 366 838 402 neque
866 353 894 390 J
896 353 1103 402 ugurtham
1131 354 1172 390 id
1199 354 1346 390 intrare

167 419 299 455 sinam.
358 418 576 462 Praeterea,
608 417 641 453 si
673 417 766 466 quid
800 430 936 466 meque
968 418 1154 467 vobisque
1186 418 1346 467 dignum

167 481 362 530 petiveris‚
383 480 487 517 haud
507 481 683 529 repulsus
703 481 860 517 abibis.'’

247 544 354 580 CXI.
412 543 480 579 Ad
505 556 551 580 ea
574 543 682 580 Sulla
700 556 769 592 pro
789 557 828 579 se
847 544 1018 581 breviter
1037 548 1077 581 et
1101 544 1247 581 modice
1262 558 1271 591 3
1300 544 1347 580 de

166 619 259 656 pace
296 610 336 642 et
372 605 419 642 de
452 606 720 642 communibus
753 606 886 642 multis
919 606 1110 643 disseruit.
1169 607 1348 655 Denique

165 671 246 719 regi
264 670 460 719 patefecit,
483 670 621 719 “quod
640 671 880 719 polliceatur,
902 675 1079 707 senatum
1099 675 1139 708 et
1160 672 1347 721 populum

166 734 399 780 Romanum,
421 735 602 783 quoniam
628 735 795 783 amplius
820 736 937 771 arinis
963 736 1188 782 valuissent,
1208 749 1287 773 non
1305 736 1348 773 in

164 798 329 847 gratiam
359 798 582 835 habituros:
616 798 836 835 faciendum
870 800 1028 848 aliquid,
1060 801 1162 849 quod
1192 801 1347 838 illorum

165 862 286 911 magis
299 875 414 911 quam
430 875 500 899 sua
515 863 693 899 retulisse
708 863 907 899 videretur
915 877 925 910 3
944 864 985 900 id
1000 864 1094 901 adeo
1109 865 1150 900 in
1164 869 1348 914 promptu

166 939 258 972 esse,
293 927 474 975 quoniam
507 927 534 963 J
538 927 729 976 ugurthae
762 928 910 977 copiam
947 928 1130 976 haberet3
1168 943 1281 979 quem
1314 930 1346 967 si

166 991 354 1027 Romanis
373 991 609 1037 tradidisset,
626 992 719 1038 fore,
737 993 796 1028 uti
815 993 872 1029 illi
891 993 1102 1041 plurimum
1122 994 1345 1042 deberetur3

165 1055 387 1101 amicitiam,
414 1054 562 1101 foedus,
589 1055 801 1092 Numidiae
826 1060 988 1105 partem,
1016 1070 1131 1106 quam
1157 1071 1261 1094 nunc
1286 1071 1347 1107 pe-

165 1122 277 1163 teret,
298 1122 392 1154 tunc
418 1119 522 1155 ultro
548 1119 839 1155 adventurain.’'
895 1120 983 1156 Rex
1006 1121 1131 1170 primo
1151 1122 1346 1170 negitare:

167 1182 456 1228 “adfiiiitatein,
495 1183 774 1231 cognationem,
813 1188 1012 1232 praeterea
1055 1184 1190 1221 foedus
1231 1186 1348 1222 inter-
1383 1181 1388 1185 ’

164 1247 338 1294 venisse3
371 1247 420 1283 ad
450 1247 522 1283 hoc
554 1252 738 1293 metuere,
768 1261 816 1284 ne
849 1248 956 1284 fluxa
987 1248 1062 1285 fide
1096 1262 1199 1294 usus,
1230 1261 1349 1297 popu-

165 1311 305 1346 larium
334 1311 482 1347 animos
508 1316 713 1358 averteret,
741 1312 848 1360 queis
874 1316 914 1348 et
937 1313 965 1349 J
969 1312 1137 1361 ugurtha
1162 1326 1284 1358 carus,
1309 1317 1350 1349 et

166 1376 336 1412 Romani
372 1376 490 1412 invisi
527 1377 672 1413 erant.⁷⁷
728 1377 920 1426 Denique,
959 1377 1111 1426 saepius
1147 1377 1347 1426 fatigatus,

164 1441 321 1486 lenitur,
355 1445 395 1478 et
427 1455 476 1478 ex
508 1442 711 1478 voluntate
747 1442 877 1479 Sullae
915 1443 1044 1479 omnia
1080 1456 1120 1479 se
1153 1442 1348 1479 facturum

165 1505 369 1555 promittit.
448 1505 630 1543 Ceterum
668 1506 717 1543 ad
761 1506 1018 1543 simulandam
1055 1519 1200 1555 pacem,
1239 1507 1349 1554 cujus

166 1569 352 1614 Numida,
373 1569 546 1605 defessus
574 1569 686 1614 bello,
708 1568 966 1614 avidissimus,
988 1582 1085 1618 quae
1114 1570 1227 1606 utilia
1252 1570 1347 1616 visa,
1383 1590 1386 1593 -

165 1633 419 1669 constituunt.
480 1633 545 1670 Ita
564 1633 775 1681 composito
795 1633 882 1669 dolo
902 1633 1182 1681 digrediuntur.

245 1697 376 1734 CXII.
436 1697 496 1734 At
523 1710 593 1733 rex
621 1701 775 1745 postero
803 1697 865 1733 die
893 1697 1098 1745 Asparem,
1128 1696 1349 1745 Jugurthae

166 1761 348 1809 legatum,
363 1761 545 1810 appellat,
560 1760 730 1809 dicitque
748 1761 851 1796 “sibi
870 1773 938 1809 per
957 1761 1152 1796 Dabarem
1172 1773 1223 1796 ex
1241 1760 1350 1796 Sulla

166 1825 375 1873 cognitum,
399 1838 509 1874 posse
538 1824 829 1860 condicionibus
855 1824 999 1860 bellum
1025 1823 1116 1873 poni
1130 1837 1140 1870 3
1170 1823 1350 1871 quamob·

166 1901 246 1924 rem
275 1888 375 1936 regis
401 1888 461 1924 sui
489 1888 723 1924 sententiam
749 1887 1003 1936 exquireret.''
1059 1887 1134 1923 1110
1159 1886 1284 1922 laetus
1309 1885 1349 1922 in

167 1955 294 1988 castra
318 1951 345 1988 J
349 1951 539 2000 ugurthae
564 1951 683 1987 venit.
743 1951 907 1997 Deinde,
928 1951 977 1987 ab
1000 1951 1067 1987 illo
1087 1953 1227 1986 cuncta
1245 1949 1350 1985 edoc-

167 2020 242 2061 tus,
258 2020 463 2064 properato
482 2015 622 2052 itinere
641 2018 730 2064 post
746 2014 848 2051 diem
868 2018 1048 2051 octavum
1069 2013 1171 2050 redit
1189 2013 1238 2049 ad
1259 2013 1352 2049 Boc-

168 2078 295 2124 chum,
322 2082 362 2115 et
388 2079 424 2115 ei
449 2079 612 2114 nunciat
633 2078 695 2114 “J
699 2078 907 2126 ugurtham
934 2090 1073 2126 cupere
1093 2077 1233 2122 omnia,
1254 2089 1351 2125 quae

168 2144 463 2193 imperarentur,
485 2142 611 2179 facere
625 2156 634 2189 3
664 2142 730 2178 sed
757 2142 884 2178 Mario
911 2155 1047 2191 parum
1071 2141 1210 2178 fidere:
1240 2153 1352 2190 saepe
