1543 2449
443 93 737 132 SALLUSTII
769 92 1077 131 JUGURTHA.
1310 93 1356 130 91

180 194 267 217 cum
293 181 421 217 animo
441 193 510 217 suo
528 181 684 217 volvere
704 181 873 226 solitum,
893 180 922 217 J
924 180 1132 229 ugurtham
1158 179 1358 225 Romanis,

180 259 231 282 an
261 245 320 282 illi
356 245 515 291 Sullam,
550 245 723 281 traderet
736 258 746 291 3
784 245 998 281 lubidinem
1035 244 1240 280 adversum
1276 256 1358 290 nos,

179 313 326 346 metum
353 322 423 358 pro
451 309 562 354 nobis
590 309 762 345 suasisse.

259 374 366 411 CIX.
425 374 554 423 Igitur
587 373 695 410 Sulla
725 372 937 421 respondit,
970 375 1129 421 “pauca
1160 385 1199 408 se
1232 384 1359 408 coram

151 476 156 483 ,
179 438 331 487 Aspare
350 438 589 483 locuturum3
610 440 737 473 cetera
756 436 916 481 occulte,
933 439 1002 472 aut
1020 435 1140 481 nullo,
1157 439 1226 471 aut
1244 448 1360 484 quam

746 500 764 516 ''
791 500 906 536 simul
925 499 1069 545 edocet,
1091 512 1188 548 quae
1207 499 1281 535 sibi
1306 512 1362 535 re-

178 502 420 551 paucissimis
442 501 709 550 praesentibus
722 514 732 547 3

179 566 469 615 sponderentur.
542 565 753 613 Postquam
790 564 906 600 sicuti
942 564 1119 600 voluerat
1155 563 1359 611 congressi,

179 628 286 674 dicit,
309 632 330 648 “
347 641 386 664 se
408 628 567 663 missum
594 640 617 663 a
642 627 797 663 consule
821 627 972 663 venisse
998 626 1215 674 quaesitum
1235 626 1284 662 ab
1303 638 1359 672 eo,

179 704 312 740 pacem
349 704 400 727 an
434 690 579 726 bellum
617 690 835 738 agitaturus
868 689 1002 725 foret.’'
1057 689 1156 725 Tum
1188 702 1269 734 rex,
1301 689 1361 725 uti

179 758 427 804 praeceptum
456 754 595 799 fuerat,
616 757 705 802 post
732 753 833 789 diem
860 753 1051 790 decimum
1076 753 1202 790 redire
1223 754 1360 801 jubet,

180 833 236 865 ac,
265 821 363 856 nihil
393 821 509 857 etiam
542 834 647 856 nunc
674 821 900 866 decrevisse,
930 820 996 856 sed
1024 820 1091 856 illo
1119 820 1181 856 die
1208 833 1362 869 respon-

180 898 322 921 surum.
381 884 533 921 Deinde
570 885 683 920 ambo
719 884 761 920 in
794 897 863 920 sua
896 888 1022 920 castra
1057 883 1248 932 digressi*
1286 883 1361 919 Sed

181 950 248 985 ubi
266 947 492 998 plerumque
511 949 636 985 noctis
654 950 841 998 processit
867 949 974 985 Sulla
994 962 1016 985 a
1040 949 1193 985 Boccho
1212 949 1361 985 occulte

181 1013 411 1060 accersitur,
449 1013 497 1049 ab
530 1017 695 1061 utroque
727 1012 997 1048 tantummodo
1030 1012 1098 1048 fidi
1130 1012 1361 1061 interpretes

180 1077 430 1123 adhibentur,
451 1081 650 1125 praeterea
669 1077 803 1113 Dabar
822 1076 1102 1122 internuncius,
1118 1081 1273 1112 sanctus
1289 1077 1360 1122 vir,

180 1144 220 1176 et
238 1153 287 1176 ex
306 1140 500 1176 sententia
519 1141 714 1176 ambobus.
773 1140 836 1176 Ac
856 1140 988 1176 statim
1009 1140 1062 1176 sic
1081 1153 1151 1176 rex
1169 1140 1330 1189 incipit:

260 1203 343 1240 CX.
404 1203 664 1252 “Numquam
698 1216 767 1251 ego
799 1207 908 1240 ratus
945 1216 1030 1239 sum
1068 1203 1162 1248 fore,
1196 1203 1263 1242 uti,
1293 1216 1362 1239 rex

180 1267 373 1304 maximus
397 1268 439 1303 in
464 1267 536 1303 hac
561 1271 665 1303 terra
691 1271 731 1303 et
758 1267 942 1312 omnium,
963 1280 1058 1316 quos
1086 1267 1189 1312 novi,
1209 1267 1362 1315 privato

180 1331 328 1367 homini
355 1331 519 1379 gratiam
548 1330 735 1367 deberem.
795 1331 849 1367 Et
875 1331 1104 1376 mehercule,
1129 1331 1247 1377 Sulla,
1272 1334 1362 1366 ante

180 1398 219 1430 te
239 1395 448 1443 cognitum,
468 1395 602 1430 multis
622 1395 834 1440 orantibus,
855 1395 941 1431 aliis
961 1395 1064 1431 ultro
1083 1399 1234 1443 egomet
1252 1407 1362 1443 opem

181 1459 267 1505 tuli,
287 1459 433 1495 nullius
459 1459 618 1508 indigui.
677 1459 726 1496 Id
751 1460 1014 1505 imminutum,
1036 1460 1138 1509 quod
1164 1461 1282 1496 ceteri
1301 1461 1363 1496 do-

181 1523 259 1559 lere
284 1523 420 1569 solent,
448 1536 516 1571 ego
542 1523 687 1569 laetor3
715 1523 836 1560 fuerit
860 1523 957 1559 mihi
986 1521 1187 1575 [pretium]
1214 1525 1362 1572 eguisse

181 1587 388 1636 aliquando
421 1588 614 1624 amicitiae
647 1592 749 1634 tuae,
784 1601 860 1637 qua
892 1589 996 1637 apud
1028 1589 1201 1625 animum
1233 1602 1362 1626 meum

180 1651 279 1687 nihil
317 1651 442 1687 carius
479 1651 610 1687 habeo.
670 1651 718 1688 Id
756 1651 851 1688 adeo
888 1652 1055 1701 experiri
1091 1652 1205 1689 licet:
1243 1666 1361 1699 arma,

181 1714 296 1760 viros,
312 1715 526 1763 pecuniam,
540 1719 734 1763 postremo
749 1716 938 1764 (juidquid
957 1716 1086 1752 animo
1106 1717 1225 1762 lubet,
1242 1729 1361 1763 sume,

182 1782 291 1814 utere
299 1792 308 1824 3
328 1782 378 1823 et,
393 1779 518 1827 quoad
533 1779 653 1824 vives,
667 1793 879 1828 numquam
899 1780 973 1817 tibi
991 1781 1183 1817 redditam
1198 1782 1362 1830 gratiam

182 1842 398 1889 putaveris,
418 1855 567 1891 semper
585 1843 688 1891 apud
708 1856 769 1879 me
788 1844 940 1892 integra
955 1844 1046 1880 erit:
1068 1844 1232 1893 denique
1251 1845 1360 1890 nihil,

182 1917 243 1940 me
271 1905 427 1950 sciente,
451 1905 599 1941 frustra
626 1906 740 1942 voles.
799 1906 916 1952 Nam,
943 1910 989 1942 ut
1016 1919 1084 1955 ego
1112 1907 1285 1953 aestimo,
1308 1920 1364 1943 re-

181 1981 267 2015 gem
287 1969 403 2004 armis
423 1981 537 2017 quam
556 1970 823 2006 munificentia
842 1971 947 2007 vinci
968 1971 1097 2008 minus
1116 1971 1358 2020 flagitiosum.

183 2031 363 2068 Ceterum
383 2031 430 2068 de
450 2045 490 2068 re
509 2033 665 2081 publica
679 2037 819 2079 vestra,
837 2034 946 2082 cujus
962 2038 1116 2070 curator
1133 2034 1209 2071 huc
1223 2035 1363 2071 missus

182 2107 233 2140 eS,
254 2094 387 2143 paucis
412 2095 549 2144 accipe.
610 2096 763 2132 Bellum
789 2109 858 2145 ego
880 2097 1022 2146 populo
1042 2098 1219 2135 Romano
1237 2111 1362 2147 neque

182 2158 268 2204 feci,
292 2171 416 2208 neque
442 2159 589 2196 factum
616 2173 798 2209 umquam
827 2161 933 2197 volui
946 2175 956 2209 3
984 2161 1079 2198 fines
1102 2175 1206 2199 meos
1231 2162 1362 2199 adver-
