1543 2449
221 115 268 152 10
493 115 623 153 SALL
634 115 785 153 USTII
818 114 1129 153 JUGURTHA.

218 202 335 239 armis
365 202 606 239 contendere.
665 202 740 238 Sed
772 201 840 238 ubi
868 214 930 239 res
965 202 1015 239 ad
1045 206 1241 240 certamen
1277 204 1397 249 venit,

218 266 346 303 victus
378 279 426 302 ex
456 265 601 314 proelio
629 264 804 313 profugit
832 263 875 300 in
903 264 1143 313 provinciam
1180 278 1224 302 ac
1260 265 1399 303 deinde

219 330 384 367 Romam
404 328 614 366 contendit.
671 327 770 364 Tum
798 327 826 364 J
829 328 1009 376 ugurtha,
1029 329 1194 378 patratis
1217 330 1398 376 consiliis,

217 397 422 443 postquam
450 392 574 429 omnis
599 391 811 428 Numidiae
835 391 1069 440 potiebatur,
1089 392 1131 428 in
1149 393 1228 429 otio
1247 392 1400 429 facinus

218 471 330 495 suum
350 470 437 494 cum
457 456 586 493 animo
600 459 798 504 reputans,
811 455 948 491 timere
962 456 1148 504 populum
1164 455 1398 501 Romanum,

217 535 341 571 neque
366 521 551 558 adversus
574 520 672 556 iram
701 520 784 568 ejus
811 533 975 568 usquam
994 519 1071 556 nisi
1089 520 1131 556 in
1150 521 1317 557 avaritia
1335 533 1399 557 no-

216 586 381 623 bilitatis
409 589 449 622 et
475 585 640 634 pecunia
662 597 732 621 sua
757 597 863 633 spem
889 584 1040 621 habere.
1098 583 1238 632 Itaque
1265 584 1399 633 paucis

216 649 352 686 diebus
371 662 458 685 cum
477 660 572 685 auro
592 651 631 684 et
645 651 805 696 argento
819 647 944 683 multo
960 647 1126 683 Romam
1141 647 1276 693 mittit,
1290 648 1399 696 queis

215 714 422 762 praecepit,
451 713 620 762 primum
648 713 708 749 uti
735 716 886 749 veteres
913 713 1056 749 amicos
1083 712 1309 749 muneribus
1336 725 1399 749 ex-

215 777 349 826 pleant
362 791 372 824 5
400 777 540 814 deinde
566 790 687 813 novos
706 777 911 826 acquirant
926 791 936 824 3
964 780 1159 826 postremo
1179 789 1399 825 quemcum-

215 855 290 891 que
308 842 458 892 possint
476 842 674 891 largiendo
692 855 829 891 parare
854 855 903 878 ne
926 845 1168 878 cunctentur.
1227 840 1303 877 Sed
1331 840 1399 877 ubi

216 904 381 941 Romam
414 905 532 954 legati
560 917 699 941 venere
727 908 767 941 et
799 917 848 940 ex
880 907 1085 953 praecepto
1112 903 1213 952 regis
1240 903 1399 952 hospiti-

214 969 291 1005 bus>
304 969 477 1018 aliisque,
494 981 658 1017 quorum
678 981 723 1005 ea
741 971 972 1016 tempestate
987 967 1199 1003 auctoritas
1214 966 1396 1015 pollebat,

214 1046 354 1082 magna
381 1046 543 1070 munera
570 1033 707 1070 misere
732 1036 844 1069 tanta
867 1032 1119 1068 commutatio
1146 1030 1317 1076 incessit,
1337 1031 1398 1067 uti

213 1111 263 1134 ex
289 1098 460 1134 maxima
484 1097 633 1133 invidia
657 1097 699 1133 in
725 1096 889 1145 gratiam
916 1099 956 1132 et
982 1095 1154 1132 favorem
1180 1094 1398 1131 nobilitatis

212 1160 241 1197 J
244 1160 413 1209 ugurtha
424 1160 576 1196 veniret
582 1174 591 1207 3
607 1172 770 1208 quorum
782 1172 872 1208 pars
884 1171 961 1207 spe,
971 1158 1038 1194 alii
1049 1157 1220 1206 praemio
1232 1156 1395 1202 inducti,

213 1224 384 1273 singulos
404 1236 452 1260 ex
472 1223 619 1260 Senatu
633 1222 837 1259 ambiendo
856 1222 1095 1267 nitebantur,
1112 1234 1160 1257 ne
1179 1221 1336 1269 gravius
1355 1209 1404 1256 in'

213 1301 301 1325 eum
329 1288 604 1324 consuleretur.
663 1287 792 1336 1gitur
819 1286 937 1335 legati
964 1285 1033 1322 ubi
1060 1285 1155 1322 satis
1183 1285 1395 1330 confidunt,

211 1350 275 1388 die
303 1350 527 1396 constituto,
547 1353 705 1386 senatus
732 1349 907 1398 utrisque
935 1348 1060 1385 datur.
1118 1348 1217 1384 Tum
1245 1347 1397 1384 Adher-

211 1414 337 1451 balem
357 1414 428 1451 hoc
447 1413 561 1450 modo
580 1414 752 1450 locutum
772 1413 998 1462 accepimus.

291 1479 410 1515 XIV.
470 1478 642 1515 “Patres
679 1477 899 1526 conscripti,
937 1477 1105 1526 Micipsa
1140 1480 1252 1526 pater
1287 1489 1396 1514 meus

211 1544 378 1580 moriens
397 1543 604 1592 praecepit,
626 1542 685 1579 uti
712 1555 874 1592 regnum
894 1541 1106 1578 Numidiae
1124 1541 1395 1578 tantummodo

210 1608 482 1657 procuratione
501 1607 763 1644 existimarem
792 1620 920 1643 meum
935 1620 945 1654 3
974 1610 1144 1643 ceterum
1165 1606 1231 1654 jus
1259 1609 1299 1642 et
1326 1606 1394 1642 im-

210 1672 361 1721 perium
386 1684 504 1722 penes
532 1685 600 1709 vos
626 1684 707 1709 esse
720 1684 730 1719 3
759 1671 875 1708 simul
900 1671 1069 1707 eniterer
1094 1670 1198 1707 domi
1216 1670 1394 1707 militiae-

210 1749 285 1785 que
304 1749 420 1785 quam
438 1737 609 1773 maximo
628 1736 717 1772 usui
728 1749 809 1772 esse
823 1736 966 1785 populo
982 1735 1159 1772 Romano
1173 1748 1183 1782 3
1211 1748 1280 1771 vos
1298 1735 1395 1771 mihi

211 1805 473 1849 cognatorum,
489 1813 558 1837 vos
574 1801 746 1837 affinium
761 1800 844 1836 loco
860 1799 1038 1836 ducerem
1054 1812 1061 1836 ε
1091 1799 1124 1835 si
1143 1812 1187 1835 ea
1202 1798 1389 1845 fecissem,

209 1865 252 1902 in
270 1870 401 1902 vestra
419 1866 591 1902 amicitia
609 1865 834 1910 exercitum,
848 1864 1018 1909 divitias,
1031 1863 1274 1899 munimenta
1285 1863 1394 1911 regni

210 1942 271 1966 me
299 1929 535 1966 habiturum.
593 1929 702 1973 Quae
731 1941 850 1978 quum
879 1932 1085 1977 praecepta
1112 1928 1286 1977 parentis
1316 1928 1393 1964 mei

209 1993 408 2042 agitarem,
428 1993 456 2030 J
460 1993 640 2042 ugurtha,
660 1993 774 2029 homo
794 1992 967 2028 omnium
986 2004 1082 2041 quos
1100 1995 1206 2027 terra
1225 1991 1392 2028 sustinet

209 2057 538 2103 sceleratissimus,
560 2060 782 2106 contempto
809 2056 971 2105 imperio
998 2060 1140 2101 vestro,
1161 2055 1391 2093 Masinissae

209 2133 270 2157 me
289 2125 467 2170 nepotem
487 2125 526 2157 et
539 2120 621 2168 jam
641 2121 690 2156 ab
709 2120 829 2169 stirpe
848 2120 994 2156 socium
1014 2123 1054 2156 et
1072 2119 1238 2159 amicum
1256 2119 1390 2168 populi

210 2185 378 2223 Romani
406 2198 523 2235 regno
550 2185 795 2234 fortunisque
825 2185 1003 2222 omnibus
1035 2183 1197 2233 expulit.
1255 2182 1390 2233 Atque
