1502 2449
457 70 752 111 SALLUSTII
786 68 1065 110 CATILINA.
1309 70 1357 107 17

175 171 352 208 luxuriae
389 171 545 208 modum
582 171 736 218 fecerat,
777 183 841 208 aes
877 170 1047 207 alienum
1085 168 1229 218 grande
1272 181 1359 205 con-

176 236 374 272 flaverant.
432 236 508 273 Per
526 249 590 272 eas
610 249 649 273 se
670 236 840 273 Catilina
857 235 1038 272 credebat
1062 246 1170 283 posse
1200 232 1362 270 servitia

177 302 326 337 urbana
350 301 567 346 sollicitare,
597 302 731 337 urbem
760 301 974 347 incendere,
1005 300 1109 336 viros
1138 311 1271 335 earum
1299 298 1363 335 vel

177 366 386 415 adjungere
405 366 479 402 sibi
497 366 560 402 vel
579 366 807 403 interficere.

257 429 397 468 XXV.
455 429 530 466 Sed
559 430 601 466 in
630 430 692 467 his
722 434 806 466 erat
836 428 1073 478 Sempronia,
1110 441 1207 477 quae
1240 428 1365 464 multa

179 507 292 544 saepe
310 494 436 531 virilis
454 495 638 532 audaciae
658 495 831 533 facinora
846 494 1100 532 commiserat.
1159 493 1269 529 Haec
1284 506 1365 529 mu-

179 559 251 595 lier
278 572 417 608 genere
445 563 564 609 atque
592 560 728 606 forma,
756 563 957 608 praeterea
981 559 1066 595 viro
1094 562 1211 607 atque
1235 557 1366 594 liberis

181 624 276 661 satis
303 624 507 662 fortunata
538 625 640 672 fuit3
685 625 829 661 litteris
864 623 1022 660 Graecis
1059 626 1175 671 atque
1213 622 1367 658 Latinis

181 689 295 725 docta
309 703 319 736 3
352 690 525 738 psallere,
556 689 697 726 saltare
726 688 951 737 elegantius,
982 700 1099 735 quam
1125 699 1278 723 necesse
1308 690 1367 723 est

181 754 323 802 probae
331 768 340 801 3
378 755 502 791 multa
526 754 614 800 alia,
641 767 739 803 quae
763 753 1027 789 instrumenta
1050 752 1229 788 luxuriae
1261 756 1364 788 sunt.

183 819 258 856 Sed
282 819 318 856 ei
340 820 486 856 cariora
511 832 661 868 semper
686 818 817 854 omnia
835 830 952 866 quam
973 817 1087 852 decus
1114 820 1231 865 atque
1258 816 1368 865 pudi-

182 883 274 919 citia
302 883 396 929 fuit3
434 883 618 931 pecuniae
646 896 697 918 an
724 882 852 917 faniae
883 881 1013 917 minus
1044 884 1227 929 parceret,
1262 880 1368 917 haud

182 948 294 985 facile
331 948 566 984 discerneres
576 961 587 994 3
635 947 811 983 lubidine
849 946 902 982 sic
939 958 1098 982 aceensa
1133 949 1179 981 ut
1215 945 1368 994 saepius

182 1015 331 1061 peteret
358 1013 463 1048 viros
488 1025 606 1061 quam
634 1015 842 1060 peteretur.
900 1010 975 1047 Sed
1004 1023 1048 1046 ea
1073 1023 1183 1058 saepe
1203 1009 1368 1046 antehac

182 1078 296 1114 fidem
316 1077 551 1126 prodiderat,
573 1077 764 1113 creditum
784 1077 1044 1125 abjuraverat,
1067 1075 1194 1112 caedis
1217 1075 1369 1112 conscia

182 1142 321 1188 fuerat,
339 1142 497 1178 luxuria
516 1147 633 1193 atque
652 1142 783 1190 inopia
801 1153 982 1190 praeceps
1001 1140 1160 1177 abierat.
1218 1140 1370 1178 Verum

185 1206 385 1255 ingenium
414 1207 497 1255 ejus
525 1206 630 1243 haud
658 1206 893 1243 absurdum:
930 1218 1040 1255 posse
1068 1218 1202 1242 versus
1230 1205 1366 1253 facere,

178 1263 319 1320 jocum⁸
339 1285 506 1319 movere,
541 1285 717 1308 sermone
746 1271 807 1308 uti
837 1271 899 1307 vel
932 1271 1116 1317 modesto,
1152 1271 1215 1307 vel
1247 1271 1366 1319 molli,

184 1335 246 1371 vel
265 1336 433 1384 procaci:
461 1349 618 1385 prorsus
644 1337 790 1373 multae
817 1336 980 1373 facetiae
1010 1337 1235 1386 multusque
1265 1337 1370 1386 lepos

184 1401 319 1438 inerat.

264 1466 425 1504 XXVI.
485 1467 562 1504 His
598 1468 713 1504 rebus
752 1467 993 1517 comparatis,
1034 1467 1204 1504 Catilina
1245 1467 1369 1504 nihilo

185 1531 314 1568 minus
342 1531 384 1568 in
411 1533 631 1581 proximum
658 1546 805 1569 annum
831 1533 1074 1570 consulatum
1099 1533 1267 1582 petebat,
1290 1545 1368 1581 spe-

184 1607 284 1641 rans,
333 1596 366 1632 si
411 1596 635 1646 designatus
680 1598 793 1645 foret,
842 1598 955 1635 facile
1002 1611 1042 1635 se
1079 1611 1129 1636 ex
1165 1597 1369 1634 voluntate

184 1660 362 1696 Antonio
395 1673 565 1698 usurum.
625 1662 763 1712 Neque
797 1663 946 1699 interea
979 1663 1134 1712 quietus
1167 1666 1261 1709 erat,
1302 1662 1370 1699 sed

183 1724 361 1760 omnibus
380 1725 503 1762 modis
522 1726 683 1763 insidias
708 1728 871 1778 parabat
901 1727 1085 1764 Ciceroni.
1144 1727 1284 1778 Neque
1309 1727 1370 1764 illi

182 1792 313 1824 tamen
333 1788 380 1824 ad
401 1790 615 1826 cavendum
635 1791 746 1827 dolus
760 1796 829 1827 aut
844 1791 1012 1828 astutiae
1028 1791 1198 1829 deerant.
1248 1791 1370 1828 Nam-

182 1864 266 1900 que,
295 1865 318 1888 a
345 1852 534 1902 principio
564 1855 784 1891 consulatus
810 1856 882 1902 sui,
909 1856 1035 1892 multa
1058 1856 1275 1905 pollicendo
1300 1868 1370 1905 per

181 1915 373 1962 Fulviam,
406 1918 582 1954 effecerat
610 1923 656 1955 ut
684 1919 727 1963 Q.
763 1919 913 1966 Curius,
942 1920 990 1957 de
1015 1933 1090 1970 quo
1116 1920 1248 1969 paullo
1277 1923 1368 1957 ante

180 1982 401 2028 memoravi,
431 1983 589 2020 consilia
615 1983 807 2020 Catilinae
837 1985 911 2020 sibi
941 1984 1130 2033 proderet.
1189 1984 1257 2020 Ad
1283 1983 1365 2030 hoc,

180 2046 363 2095 collegam
391 2060 505 2084 suum
531 2048 752 2085 Antonium
781 2049 957 2097 pactione
982 2049 1203 2098 provinciae
1228 2062 1368 2099 perpu-

181 2109 288 2157 lerat,
329 2124 378 2148 ne
414 2116 549 2148 contra
590 2113 871 2162 rempublicam
911 2114 1074 2151 sentiret
1088 2127 1099 2162 3
1145 2115 1290 2151 circum
1327 2126 1368 2151 se

178 2174 369 2222 praesidia
394 2176 607 2213 amicorum
635 2181 754 2227 atque
779 2177 981 2215 clientium
1012 2178 1162 2215 occulte
1188 2178 1365 2216 habebat.

285 2249 313 2276 s.
1238 2243 1259 2279 2
