1543 2449
378 133 672 170 SALLUSTII
702 133 1008 171 JUGURJ'HA.
1225 134 1273 170 35

106 219 274 268 imperiis
298 218 480 267 pecunias
505 218 741 266 accepissent
753 231 762 265 3
791 217 857 266 qui
879 217 1113 266 elephantos,
1134 216 1275 265 quique

105 282 284 330 perfugas
302 281 569 327 tradidissent,
589 282 682 317 item
702 281 768 329 qui
787 281 834 317 de
853 293 956 329 pace,
973 283 1042 316 aut
1058 279 1171 324 bello,
1187 292 1274 315 cum

104 345 277 381 hostibus
300 344 496 392 pactiones
518 343 732 380 fecissent.”
787 344 893 380 Huic
919 343 1108 392 rogationi
1131 343 1273 392 partim

104 408 246 444 conscii
264 408 347 452 sibi,
362 407 429 443 alii
443 420 492 443 ex
510 408 678 456 partium
698 407 846 443 invidia
863 407 1033 456 pericula
1046 410 1272 451 metuentes,

103 471 283 520 quoniam
303 474 434 519 aperte
452 471 628 507 resistere
646 483 724 507 non
742 474 932 520 poterant,
948 471 1042 520 quin
1060 472 1127 508 illa
1141 476 1181 509 et
1199 473 1274 509 alia

105 536 196 572 talia
227 536 376 584 placere
408 535 482 571 sibi
512 535 739 581 faterentur,
769 536 916 572 occulte
947 549 1016 584 per
1047 536 1199 581 amicos,
1229 550 1273 573 ac

104 599 268 635 maxime
288 612 356 647 per
373 598 547 635 homines
571 599 737 635 nominis
756 599 888 635 Latini
907 603 947 636 et
971 600 1090 636 socios
1116 600 1273 636 Italicos

103 662 376 711 impedimenta
394 663 592 710 parabant.
655 662 729 699 Sed
748 663 877 711 plebes
892 663 1116 699 incredibile
1135 676 1274 700 memo-

101 730 189 762 ratu
208 730 266 762 est
284 739 397 774 quam
417 726 568 761 intenta
586 725 716 771 fuerit,
736 730 956 775 quantaque
975 727 1015 762 vi
1034 727 1270 775 rogationem

96 790 268 837 jusserit,
297 790 521 834 decreverit,
550 790 738 836 volucrit;
775 791 895 838 magis
927 791 1014 827 odio
1045 792 1270 837 nobilitatis,

102 854 163 889 oui
182 854 282 889 mala
300 854 367 889 illa
385 854 632 902 parabantur,
648 866 761 902 quam
778 867 869 890 cura
887 855 1138 903 reipublicae:
1162 859 1272 891 tanta

102 917 234 953 lubido
257 918 298 953 in
320 917 495 966 partibus
514 921 605 953 erat.
664 917 791 965 Igitur
810 919 945 954 ceteris
963 923 1069 954 metu
1088 920 1271 967 perculsis

101 980 155 1016 M.
179 980 354 1025 Scaurus,
375 992 487 1028 quem
506 980 674 1028 legatum
696 981 848 1016 Bestiae
867 981 985 1018 fuisse
1005 995 1120 1030 supra
1145 982 1271 1019 docui-

101 1057 196 1089 mus,
217 1044 319 1079 inter
346 1043 533 1080 laetitiam
561 1044 683 1092 plebis
711 1048 750 1080 et
777 1057 932 1081 suorum
957 1046 1100 1094 fugam,
1120 1048 1271 1096 trepida

100 1107 215 1143 etiam
241 1110 324 1142 tum
350 1106 519 1152 civitate,
547 1119 665 1155 quum
693 1120 742 1143 ex
767 1107 944 1144 Mamilia
968 1110 1165 1157 rogatione
1192 1114 1270 1147 tres

99 1169 332 1218 quaesitores
350 1173 587 1216 rogarentur,
608 1170 795 1215 effecerat,
812 1170 871 1205 uti
889 1170 969 1219 ipse
988 1171 1029 1207 in
1048 1184 1092 1208 eo
1110 1185 1270 1209 numero

99 1238 301 1270 crearetur.
360 1233 434 1270 Sed
453 1234 626 1282 quaestio
645 1234 813 1270 exercita
838 1247 969 1283 aspere
993 1236 1268 1286 violenterque,

98 1310 147 1334 ex
174 1310 325 1333 rumore
355 1301 395 1333 et
420 1297 593 1333 lubidine
621 1298 765 1346 plebis:
803 1303 848 1334 ut
875 1312 986 1348 saepe
1013 1300 1266 1346 nobilitatem,

98 1362 151 1397 sic
170 1374 214 1397 ea
233 1365 461 1409 tempestate
479 1361 629 1410 plebem
649 1374 697 1398 ex
722 1362 899 1398 secundis
923 1363 1038 1399 rebus
1062 1363 1268 1402 insolentia

99 1429 261 1473 ceperat.

176 1488 286 1524 XLI.
345 1487 524 1524 Ceterum
539 1501 620 1524 mos
639 1489 808 1537 partium
827 1489 1070 1537 popularium
1086 1494 1126 1526 et
1144 1492 1267 1528 senati

97 1553 321 1598 factionum,
341 1565 385 1588 ac
404 1552 542 1589 deinde
561 1553 731 1589 omnium
756 1554 944 1590 malarum
969 1555 1112 1591 artium
1137 1556 1268 1603 paucis

98 1621 188 1653 ante
207 1617 318 1653 annis
338 1617 485 1653 Romae
504 1621 611 1653 ortus
629 1622 698 1663 est,
719 1618 798 1654 otio
817 1622 856 1654 et
880 1618 1119 1655 abundantia
1137 1632 1267 1655 earum

98 1694 237 1726 rerum,
258 1693 354 1729 quae
373 1681 497 1729 prima
515 1682 696 1718 mortales
721 1682 879 1720 ducunt.
936 1682 1039 1718 Nam
1065 1686 1155 1719 ante
1181 1682 1268 1719 Car-

100 1744 293 1792 thaginem
325 1744 490 1780 deletam
520 1745 684 1793 populus
712 1749 752 1781 et
778 1749 934 1781 senatus
965 1745 1164 1781 Romanus
1190 1746 1268 1794 pla-

98 1806 181 1842 cide
216 1806 461 1855 modesteque
497 1807 599 1843 inter
635 1821 674 1844 se
710 1801 984 1856 rempublicam
1024 1809 1245 1845 tractabant
1257 1824 1267 1855 3

96 1882 219 1918 neque
238 1870 391 1917 gloriae,
405 1883 527 1919 neque
547 1871 819 1908 dominationis
838 1876 1032 1908 certamen
1050 1873 1152 1909 inter
1166 1873 1267 1910 cives

96 1938 180 1969 erat
191 1948 201 1980 3
229 1938 355 1970 metus
379 1934 530 1970 hostilis
554 1935 595 1970 in
620 1935 730 1971 bonis
749 1935 896 1971 artibus
916 1935 1113 1972 civitatem
1131 1937 1267 1973 retine-

96 1996 172 2032 bat.
230 1996 304 2032 Sed
332 1997 399 2033 ubi
426 1998 493 2034 illa
520 1998 684 2034 formido
711 1998 905 2034 mentibus
930 1998 1102 2044 decessit,
1123 1999 1267 2036 scilicet

96 2072 151 2105 ea,
171 2073 268 2108 quae
290 2061 478 2097 secundae
503 2074 563 2098 res
588 2065 731 2107 amant,
751 2062 909 2098 lascivia
933 2065 1049 2110 atque
1074 2063 1264 2111 superbia,

95 2123 291 2161 incessere.
362 2125 427 2161 Ita
465 2126 566 2174 quod
603 2126 645 2162 in
681 2126 852 2162 adversis
888 2127 1001 2163 rebus
1038 2131 1267 2175 optaverant

95 2186 230 2232 otium,
266 2192 469 2237 postquam
506 2189 637 2237 adepti
673 2192 776 2234 sunt,
809 2189 981 2237 asperius
1018 2190 1267 2240 acerbiusque

1061 2253 1162 2289 3—-2
