<?xml version="1.0" encoding="UTF-8"?>
<!DOCTYPE html PUBLIC "-//W3C//DTD XHTML 1.0 Transitional//EN"
    "http://www.w3.org/TR/xhtml1/DTD/xhtml1-transitional.dtd">
<html xmlns="http://www.w3.org/1999/xhtml" xml:lang="en" lang="en">
 <head>
  <title>
</title>
<meta http-equiv="Content-Type" content="text/html;charset=utf-8" />
  <meta name='ocr-system' content='tesseract 3.04.00' />
  <meta name='ocr-capabilities' content='ocr_page ocr_carea ocr_par ocr_line ocrx_word'/>
</head>
<body>
  <div class='ocr_page' id='page_1' title='image "./catilinaetjugurt00salluoft_0240.png"; bbox 0 0 1543 2449; ppageno 0'>
   <div class='ocr_carea' id='block_1_1' title="bbox 189 83 1099 125">
    <p class='ocr_par' dir='ltr' id='par_1_1' title="bbox 189 83 1099 125">
     <span class='ocr_line' id='line_1_1' title="bbox 189 83 1099 125; baseline -0.007 0"><span class='ocrx_word' id='word_1_1' title='bbox 189 87 239 125; x_wconf 79' lang='lat'>80</span> <span class='ocrx_word' id='word_1_2' title='bbox 449 85 761 124; x_wconf 78' lang='lat' dir='ltr'><em>.SALLUSTJI</em></span> <span class='ocrx_word' id='word_1_3' title='bbox 794 83 1099 123; x_wconf 73' lang='lat' dir='ltr'><em>JUGUBTHA.</em></span> 
     </span>
    </p>
   </div>
   <div class='ocr_carea' id='block_1_2' title="bbox 185 169 1388 2199">
    <p class='ocr_par' dir='ltr' id='par_1_2' title="bbox 185 169 1379 1051">
     <span class='ocr_line' id='line_1_2' title="bbox 188 169 1364 223; baseline -0.003 -12"><span class='ocrx_word' id='word_1_4' title='bbox 188 177 425 223; x_wconf 84' lang='lat' dir='ltr'>persecutus,</span> <span class='ocrx_word' id='word_1_5' title='bbox 459 185 596 222; x_wconf 85' lang='lat' dir='ltr'>parum</span> <span class='ocrx_word' id='word_1_6' title='bbox 629 171 725 207; x_wconf 89' lang='lat' dir='ltr'>mihi</span> <span class='ocrx_word' id='word_1_7' title='bbox 762 171 882 207; x_wconf 87' lang='lat' dir='ltr'>libero</span> <span class='ocrx_word' id='word_1_8' title='bbox 915 183 979 207; x_wconf 87' lang='lat' dir='ltr'>ore</span> <span class='ocrx_word' id='word_1_9' title='bbox 1015 171 1168 207; x_wconf 86' lang='lat' dir='ltr'>locutus</span> <span class='ocrx_word' id='word_1_10' title='bbox 1200 169 1364 207; x_wconf 76' lang='lat' dir='ltr'>videtur.</span> 
     </span>
     <span class='ocr_line' id='line_1_3' title="bbox 190 234 1370 287; baseline -0.004 -12"><span class='ocrx_word' id='word_1_11' title='bbox 190 238 320 287; x_wconf 99' lang='lat' dir='ltr'>Igitur</span> <span class='ocrx_word' id='word_1_12' title='bbox 339 237 448 274; x_wconf 85' lang='lat' dir='ltr'>Sulla</span> <span class='ocrx_word' id='word_1_13' title='bbox 465 236 592 285; x_wconf 83' lang='lat' dir='ltr'>gentis</span> <span class='ocrx_word' id='word_1_14' title='bbox 611 234 797 284; x_wconf 71' lang='lat' dir='ltr'>patriciae</span> <span class='ocrx_word' id='word_1_15' title='bbox 816 234 957 271; x_wconf 87' lang='lat' dir='ltr'>nobilis</span> <span class='ocrx_word' id='word_1_16' title='bbox 975 234 1064 279; x_wconf 85' lang='lat' dir='ltr'>fuit,</span> <span class='ocrx_word' id='word_1_17' title='bbox 1084 234 1234 270; x_wconf 77' lang='lat' dir='ltr'>familia</span> <span class='ocrx_word' id='word_1_18' title='bbox 1251 246 1370 283; x_wconf 81' lang='lat' dir='ltr'>prope</span> 
     </span>
     <span class='ocr_line' id='line_1_4' title="bbox 185 297 1371 350; baseline -0.004 -12"><span class='ocrx_word' id='word_1_19' title='bbox 185 302 268 350; x_wconf 85' lang='lat' dir='ltr'>jam</span> <span class='ocrx_word' id='word_1_20' title='bbox 287 300 482 337; x_wconf 81' lang='lat' dir='ltr'>exstincta</span> <span class='ocrx_word' id='word_1_21' title='bbox 501 299 690 347; x_wconf 86' lang='lat' dir='ltr'>majorum</span> <span class='ocrx_word' id='word_1_22' title='bbox 710 298 888 346; x_wconf 84' lang='lat' dir='ltr'>ignavia3</span> <span class='ocrx_word' id='word_1_23' title='bbox 915 298 1058 334; x_wconf 86' lang='lat' dir='ltr'>litteris</span> <span class='ocrx_word' id='word_1_24' title='bbox 1077 297 1235 334; x_wconf 84' lang='lat' dir='ltr'>Graecis</span> <span class='ocrx_word' id='word_1_25' title='bbox 1254 301 1371 346; x_wconf 88' lang='lat' dir='ltr'>atque</span> 
     </span>
     <span class='ocr_line' id='line_1_5' title="bbox 191 360 1370 411; baseline -0.004 -10"><span class='ocrx_word' id='word_1_26' title='bbox 191 364 344 401; x_wconf 82' lang='lat' dir='ltr'>Latinis</span> <span class='ocrx_word' id='word_1_27' title='bbox 359 363 476 411; x_wconf 77' lang='lat' dir='ltr'>juxta</span> <span class='ocrx_word' id='word_1_28' title='bbox 494 366 612 410; x_wconf 88' lang='lat' dir='ltr'>atque</span> <span class='ocrx_word' id='word_1_29' title='bbox 627 361 846 398; x_wconf 70' lang='lat' dir='ltr'>doctissime</span> <span class='ocrx_word' id='word_1_30' title='bbox 861 360 1048 406; x_wconf 83' lang='lat' dir='ltr'>eruditus,</span> <span class='ocrx_word' id='word_1_31' title='bbox 1062 361 1190 397; x_wconf 84' lang='lat' dir='ltr'>animo</span> <span class='ocrx_word' id='word_1_32' title='bbox 1209 360 1370 409; x_wconf 82' lang='lat' dir='ltr'>ingenti,</span> 
     </span>
     <span class='ocr_line' id='line_1_6' title="bbox 192 424 1372 477; baseline -0.003 -13"><span class='ocrx_word' id='word_1_33' title='bbox 192 428 356 477; x_wconf 91' lang='lat' dir='ltr'>cupidus</span> <span class='ocrx_word' id='word_1_34' title='bbox 385 426 644 475; x_wconf 87' lang='lat' dir='ltr'>voluptatum,</span> <span class='ocrx_word' id='word_1_35' title='bbox 674 425 741 462; x_wconf 90' lang='lat' dir='ltr'>sed</span> <span class='ocrx_word' id='word_1_36' title='bbox 768 425 912 474; x_wconf 87' lang='lat' dir='ltr'>gloriae</span> <span class='ocrx_word' id='word_1_37' title='bbox 940 424 1125 473; x_wconf 84' lang='lat' dir='ltr'>cupidior,</span> <span class='ocrx_word' id='word_1_38' title='bbox 1155 425 1234 461; x_wconf 87' lang='lat' dir='ltr'>otio</span> <span class='ocrx_word' id='word_1_39' title='bbox 1262 425 1372 461; x_wconf 84' lang='lat' dir='ltr'>luxu-</span> 
     </span>
     <span class='ocr_line' id='line_1_7' title="bbox 192 489 1374 538; baseline -0.003 -10"><span class='ocrx_word' id='word_1_40' title='bbox 192 492 293 528; x_wconf 89' lang='lat' dir='ltr'>rioso</span> <span class='ocrx_word' id='word_1_41' title='bbox 319 503 400 527; x_wconf 90' lang='lat' dir='ltr'>esse</span> <span class='ocrx_word' id='word_1_42' title='bbox 414 503 422 536; x_wconf 83' lang='lat'><em>3</em></span> <span class='ocrx_word' id='word_1_43' title='bbox 456 494 588 526; x_wconf 89' lang='lat' dir='ltr'>tamen</span> <span class='ocrx_word' id='word_1_44' title='bbox 616 490 665 525; x_wconf 89' lang='lat' dir='ltr'>ab</span> <span class='ocrx_word' id='word_1_45' title='bbox 690 489 855 538; x_wconf 86' lang='lat' dir='ltr'>negotiis</span> <span class='ocrx_word' id='word_1_46' title='bbox 880 501 1092 537; x_wconf 80' lang='lat' dir='ltr'>numquam</span> <span class='ocrx_word' id='word_1_47' title='bbox 1117 489 1297 538; x_wconf 86' lang='lat' dir='ltr'>voluptas</span> <span class='ocrx_word' id='word_1_48' title='bbox 1318 502 1374 525; x_wconf 89' lang='lat' dir='ltr'>re-</span> 
     </span>
     <span class='ocr_line' id='line_1_8' title="bbox 192 552 1373 603; baseline -0.003 -11"><span class='ocrx_word' id='word_1_49' title='bbox 192 560 354 600; x_wconf 87' lang='lat' dir='ltr'>morata,</span> <span class='ocrx_word' id='word_1_50' title='bbox 375 554 452 591; x_wconf 87' lang='lat' dir='ltr'>nisi</span> <span class='ocrx_word' id='word_1_51' title='bbox 476 554 580 603; x_wconf 88' lang='lat' dir='ltr'>quod</span> <span class='ocrx_word' id='word_1_52' title='bbox 605 554 653 590; x_wconf 93' lang='lat' dir='ltr'>de</span> <span class='ocrx_word' id='word_1_53' title='bbox 678 566 799 590; x_wconf 79' lang='lat' dir='ltr'>uxore</span> <span class='ocrx_word' id='word_1_54' title='bbox 823 553 954 602; x_wconf 88' lang='lat' dir='ltr'>potuit</span> <span class='ocrx_word' id='word_1_55' title='bbox 977 552 1178 589; x_wconf 84' lang='lat' dir='ltr'>honestius</span> <span class='ocrx_word' id='word_1_56' title='bbox 1203 552 1351 588; x_wconf 91' lang='lat' dir='ltr'>consuli</span> <span class='ocrx_word' id='word_1_57' title='bbox 1364 565 1373 598; x_wconf 77' lang='lat'><em>3</em></span> 
     </span>
     <span class='ocr_line' id='line_1_9' title="bbox 193 616 1375 664; baseline -0.003 -8"><span class='ocrx_word' id='word_1_58' title='bbox 193 619 396 664; x_wconf 79' lang='lat' dir='ltr'>facundus,</span> <span class='ocrx_word' id='word_1_59' title='bbox 426 618 600 663; x_wconf 90' lang='lat' dir='ltr'>callidus,</span> <span class='ocrx_word' id='word_1_60' title='bbox 630 622 670 654; x_wconf 91' lang='lat' dir='ltr'>et</span> <span class='ocrx_word' id='word_1_61' title='bbox 701 617 872 654; x_wconf 89' lang='lat' dir='ltr'>amicitia</span> <span class='ocrx_word' id='word_1_62' title='bbox 899 617 1047 662; x_wconf 78' lang='lat' dir='ltr'>facilis3</span> <span class='ocrx_word' id='word_1_63' title='bbox 1081 616 1130 652; x_wconf 93' lang='lat' dir='ltr'>ad</span> <span class='ocrx_word' id='word_1_64' title='bbox 1158 616 1375 653; x_wconf 86' lang='lat' dir='ltr'>simulanda</span> 
     </span>
     <span class='ocr_line' id='line_1_10' title="bbox 193 681 1375 732; baseline -0.003 -12"><span class='ocrx_word' id='word_1_65' title='bbox 193 683 349 732; x_wconf 84' lang='lat' dir='ltr'>negotia</span> <span class='ocrx_word' id='word_1_66' title='bbox 366 682 534 719; x_wconf 82' lang='lat' dir='ltr'>altitudo</span> <span class='ocrx_word' id='word_1_67' title='bbox 552 682 699 731; x_wconf 87' lang='lat' dir='ltr'>ingenii</span> <span class='ocrx_word' id='word_1_68' title='bbox 722 681 960 718; x_wconf 88' lang='lat' dir='ltr'>incredibilis</span> <span class='ocrx_word' id='word_1_69' title='bbox 972 693 983 727; x_wconf 83' lang='lat'>3</span> <span class='ocrx_word' id='word_1_70' title='bbox 1010 681 1221 717; x_wconf 88' lang='lat' dir='ltr'>multarum</span> <span class='ocrx_word' id='word_1_71' title='bbox 1247 693 1375 717; x_wconf 87' lang='lat' dir='ltr'>rerum</span> 
     </span>
     <span class='ocr_line' id='line_1_11' title="bbox 194 744 1377 795; baseline -0.003 -12"><span class='ocrx_word' id='word_1_72' title='bbox 194 760 238 784; x_wconf 88' lang='lat' dir='ltr'>ac</span> <span class='ocrx_word' id='word_1_73' title='bbox 266 746 434 783; x_wconf 80' lang='lat' dir='ltr'>maxime</span> <span class='ocrx_word' id='word_1_74' title='bbox 460 746 646 795; x_wconf 86' lang='lat' dir='ltr'>pecuniae</span> <span class='ocrx_word' id='word_1_75' title='bbox 671 746 841 794; x_wconf 88' lang='lat' dir='ltr'>largitor.</span> <span class='ocrx_word' id='word_1_76' title='bbox 899 745 1034 793; x_wconf 82' lang='lat' dir='ltr'>Atque</span> <span class='ocrx_word' id='word_1_77' title='bbox 1059 745 1128 790; x_wconf 86' lang='lat' dir='ltr'>illi,</span> <span class='ocrx_word' id='word_1_78' title='bbox 1155 744 1377 781; x_wconf 79' lang='lat' dir='ltr'>felicissimo</span> 
     </span>
     <span class='ocr_line' id='line_1_12' title="bbox 195 808 1378 857; baseline -0.003 -10"><span class='ocrx_word' id='word_1_79' title='bbox 195 811 368 847; x_wconf 87' lang='lat' dir='ltr'>omnium</span> <span class='ocrx_word' id='word_1_80' title='bbox 396 814 488 846; x_wconf 88' lang='lat' dir='ltr'>ante</span> <span class='ocrx_word' id='word_1_81' title='bbox 516 810 669 846; x_wconf 85' lang='lat' dir='ltr'>civilem</span> <span class='ocrx_word' id='word_1_82' title='bbox 698 809 913 854; x_wconf 83' lang='lat' dir='ltr'>victoriam,</span> <span class='ocrx_word' id='word_1_83' title='bbox 940 821 1152 857; x_wconf 81' lang='lat' dir='ltr'>numquam</span> <span class='ocrx_word' id='word_1_84' title='bbox 1181 821 1296 857; x_wconf 89' lang='lat' dir='ltr'>super</span> <span class='ocrx_word' id='word_1_85' title='bbox 1323 808 1378 844; x_wconf 91' lang='lat' dir='ltr'>in-</span> 
     </span>
     <span class='ocr_line' id='line_1_13' title="bbox 195 872 1379 921; baseline -0.003 -10"><span class='ocrx_word' id='word_1_86' title='bbox 195 874 386 911; x_wconf 87' lang='lat' dir='ltr'>dustriam</span> <span class='ocrx_word' id='word_1_87' title='bbox 413 874 573 910; x_wconf 82' lang='lat' dir='ltr'>fortuna</span> <span class='ocrx_word' id='word_1_88' title='bbox 605 873 706 920; x_wconf 77' lang='lat' dir='ltr'>fuit3</span> <span class='ocrx_word' id='word_1_89' title='bbox 743 873 934 921; x_wconf 87' lang='lat' dir='ltr'>multique</span> <span class='ocrx_word' id='word_1_90' title='bbox 971 872 1211 917; x_wconf 81' lang='lat' dir='ltr'>dubitavere,</span> <span class='ocrx_word' id='word_1_91' title='bbox 1240 872 1379 908; x_wconf 83' lang='lat' dir='ltr'>fortior</span> 
     </span>
     <span class='ocr_line' id='line_1_14' title="bbox 196 936 1378 986; baseline -0.003 -11"><span class='ocrx_word' id='word_1_92' title='bbox 196 952 247 975; x_wconf 89' lang='lat' dir='ltr'>an</span> <span class='ocrx_word' id='word_1_93' title='bbox 274 938 425 975; x_wconf 79' lang='lat' dir='ltr'>felicior</span> <span class='ocrx_word' id='word_1_94' title='bbox 452 942 574 974; x_wconf 88' lang='lat' dir='ltr'>esset:</span> <span class='ocrx_word' id='word_1_95' title='bbox 613 950 703 973; x_wconf 87' lang='lat' dir='ltr'>nam</span> <span class='ocrx_word' id='word_1_96' title='bbox 731 941 866 986; x_wconf 89' lang='lat' dir='ltr'>postea</span> <span class='ocrx_word' id='word_1_97' title='bbox 893 949 992 985; x_wconf 88' lang='lat' dir='ltr'>quae</span> <span class='ocrx_word' id='word_1_98' title='bbox 1020 936 1158 973; x_wconf 76' lang='lat' dir='ltr'>fecerit</span> <span class='ocrx_word' id='word_1_99' title='bbox 1185 936 1378 973; x_wconf 88' lang='lat' dir='ltr'>incertum</span> 
     </span>
     <span class='ocr_line' id='line_1_15' title="bbox 197 1000 1056 1051; baseline -0.003 -12"><span class='ocrx_word' id='word_1_100' title='bbox 197 1002 320 1039; x_wconf 87' lang='lat' dir='ltr'>habeo</span> <span class='ocrx_word' id='word_1_101' title='bbox 338 1001 485 1051; x_wconf 87' lang='lat' dir='ltr'>pudeat</span> <span class='ocrx_word' id='word_1_102' title='bbox 502 1001 624 1050; x_wconf 88' lang='lat' dir='ltr'>magis</span> <span class='ocrx_word' id='word_1_103' title='bbox 643 1014 693 1037; x_wconf 86' lang='lat' dir='ltr'>an</span> <span class='ocrx_word' id='word_1_104' title='bbox 712 1001 843 1050; x_wconf 82' lang='lat' dir='ltr'>pigeat</span> <span class='ocrx_word' id='word_1_105' title='bbox 861 1000 1056 1037; x_wconf 87' lang='lat' dir='ltr'>disserere.</span> 
     </span>
    </p>

    <p class='ocr_par' dir='ltr' id='par_1_3' title="bbox 197 1064 1388 2007">
     <span class='ocr_line' id='line_1_16' title="bbox 275 1064 1381 1113; baseline -0.002 -11"><span class='ocrx_word' id='word_1_106' title='bbox 275 1065 427 1102; x_wconf 84' lang='lat' dir='ltr'>XCVI.</span> <span class='ocrx_word' id='word_1_107' title='bbox 486 1065 615 1113; x_wconf 85' lang='lat' dir='ltr'>Igitur</span> <span class='ocrx_word' id='word_1_108' title='bbox 644 1065 763 1109; x_wconf 80' lang='lat' dir='ltr'>Sulla,</span> <span class='ocrx_word' id='word_1_109' title='bbox 790 1069 835 1100; x_wconf 91' lang='lat' dir='ltr'>ut</span> <span class='ocrx_word' id='word_1_110' title='bbox 863 1077 979 1113; x_wconf 87' lang='lat' dir='ltr'>supra</span> <span class='ocrx_word' id='word_1_111' title='bbox 1007 1064 1155 1100; x_wconf 88' lang='lat' dir='ltr'>dictum</span> <span class='ocrx_word' id='word_1_112' title='bbox 1183 1068 1253 1110; x_wconf 88' lang='lat' dir='ltr'>est,</span> <span class='ocrx_word' id='word_1_113' title='bbox 1280 1068 1381 1113; x_wconf 89' lang='lat' dir='ltr'>post-</span> 
     </span>
     <span class='ocr_line' id='line_1_17' title="bbox 197 1129 1381 1179; baseline -0.002 -13"><span class='ocrx_word' id='word_1_114' title='bbox 197 1142 313 1179; x_wconf 84' lang='lat' dir='ltr'>quam</span> <span class='ocrx_word' id='word_1_115' title='bbox 338 1130 380 1165; x_wconf 90' lang='lat' dir='ltr'>in</span> <span class='ocrx_word' id='word_1_116' title='bbox 399 1129 578 1165; x_wconf 81' lang='lat' dir='ltr'>Africam</span> <span class='ocrx_word' id='word_1_117' title='bbox 603 1133 720 1177; x_wconf 87' lang='lat' dir='ltr'>atque</span> <span class='ocrx_word' id='word_1_118' title='bbox 745 1129 787 1164; x_wconf 91' lang='grc'>111</span> <span class='ocrx_word' id='word_1_119' title='bbox 811 1133 938 1165; x_wconf 86' lang='lat' dir='ltr'>castra</span> <span class='ocrx_word' id='word_1_120' title='bbox 957 1129 1077 1164; x_wconf 88' lang='lat' dir='ltr'>Marii</span> <span class='ocrx_word' id='word_1_121' title='bbox 1096 1142 1182 1164; x_wconf 88' lang='lat' dir='ltr'>cum</span> <span class='ocrx_word' id='word_1_122' title='bbox 1203 1129 1381 1177; x_wconf 85' lang='lat' dir='ltr'>equitatu</span> 
     </span>
     <span class='ocr_line' id='line_1_18' title="bbox 197 1183 1388 1241; baseline -0.002 -11"><span class='ocrx_word' id='word_1_123' title='bbox 197 1194 318 1239; x_wconf 84' lang='lat' dir='ltr'>venit,</span> <span class='ocrx_word' id='word_1_124' title='bbox 339 1194 447 1230; x_wconf 85' lang='lat' dir='ltr'>rudis</span> <span class='ocrx_word' id='word_1_125' title='bbox 472 1197 588 1229; x_wconf 85' lang='lat' dir='ltr'>antea</span> <span class='ocrx_word' id='word_1_126' title='bbox 612 1197 653 1229; x_wconf 88' lang='lat' dir='ltr'>et</span> <span class='ocrx_word' id='word_1_127' title='bbox 679 1193 837 1241; x_wconf 86' lang='lat' dir='ltr'>ignarus</span> <span class='ocrx_word' id='word_1_128' title='bbox 864 1193 968 1238; x_wconf 86' lang='lat' dir='ltr'>belli,</span> <span class='ocrx_word' id='word_1_129' title='bbox 989 1193 1277 1229; x_wconf 88' lang='lat' dir='ltr'>sollertissimus</span> <span class='ocrx_word' id='word_1_130' title='bbox 1305 1183 1388 1228; x_wconf 32' lang='lat' dir='ltr'>om*</span> 
     </span>
     <span class='ocr_line' id='line_1_19' title="bbox 198 1256 1381 1310; baseline -0.001 -16"><span class='ocrx_word' id='word_1_131' title='bbox 198 1258 307 1294; x_wconf 88' lang='lat' dir='ltr'>nium</span> <span class='ocrx_word' id='word_1_132' title='bbox 339 1258 381 1294; x_wconf 90' lang='lat' dir='ltr'>in</span> <span class='ocrx_word' id='word_1_133' title='bbox 417 1257 551 1306; x_wconf 78' lang='lat' dir='ltr'>paucis</span> <span class='ocrx_word' id='word_1_134' title='bbox 587 1257 884 1305; x_wconf 78' lang='lat' dir='ltr'>tempestatibus</span> <span class='ocrx_word' id='word_1_135' title='bbox 916 1257 1043 1293; x_wconf 82' lang='lat' dir='ltr'>factus</span> <span class='ocrx_word' id='word_1_136' title='bbox 1080 1261 1147 1293; x_wconf 87' lang='lat' dir='ltr'>est.</span> <span class='ocrx_word' id='word_1_137' title='bbox 1206 1256 1273 1293; x_wconf 83' lang='lat' dir='ltr'>Ad</span> <span class='ocrx_word' id='word_1_138' title='bbox 1309 1257 1381 1310; x_wconf 88' lang='lat' dir='ltr'>hoc</span> 
     </span>
     <span class='ocr_line' id='line_1_20' title="bbox 199 1321 1383 1369; baseline -0.002 -11"><span class='ocrx_word' id='word_1_139' title='bbox 199 1322 342 1358; x_wconf 81' lang='lat' dir='ltr'>milites</span> <span class='ocrx_word' id='word_1_140' title='bbox 360 1321 526 1369; x_wconf 88' lang='lat' dir='ltr'>benigne</span> <span class='ocrx_word' id='word_1_141' title='bbox 545 1321 762 1369; x_wconf 81' lang='lat' dir='ltr'>appellare;</span> <span class='ocrx_word' id='word_1_142' title='bbox 791 1321 925 1356; x_wconf 85' lang='lat' dir='ltr'>multis</span> <span class='ocrx_word' id='word_1_143' title='bbox 945 1321 1182 1369; x_wconf 81' lang='lat' dir='ltr'>rogantibus,</span> <span class='ocrx_word' id='word_1_144' title='bbox 1204 1321 1290 1357; x_wconf 89' lang='lat' dir='ltr'>aliis</span> <span class='ocrx_word' id='word_1_145' title='bbox 1314 1333 1383 1369; x_wconf 90' lang='lat' dir='ltr'>per</span> 
     </span>
     <span class='ocr_line' id='line_1_21' title="bbox 199 1384 1376 1434; baseline -0.001 -12"><span class='ocrx_word' id='word_1_146' title='bbox 199 1398 239 1422; x_wconf 89' lang='lat' dir='ltr'>se</span> <span class='ocrx_word' id='word_1_147' title='bbox 264 1385 346 1434; x_wconf 91' lang='lat' dir='ltr'>ipse</span> <span class='ocrx_word' id='word_1_148' title='bbox 371 1385 463 1422; x_wconf 87' lang='lat' dir='ltr'>dare</span> <span class='ocrx_word' id='word_1_149' title='bbox 487 1385 684 1430; x_wconf 87' lang='lat' dir='ltr'>beneficia,</span> <span class='ocrx_word' id='word_1_150' title='bbox 711 1385 860 1420; x_wconf 83' lang='lat' dir='ltr'>invitus</span> <span class='ocrx_word' id='word_1_151' title='bbox 885 1384 1068 1433; x_wconf 85' lang='lat' dir='ltr'>accipere,</span> <span class='ocrx_word' id='word_1_152' title='bbox 1090 1384 1156 1420; x_wconf 86' lang='lat' dir='ltr'>sed</span> <span class='ocrx_word' id='word_1_153' title='bbox 1182 1397 1227 1421; x_wconf 88' lang='lat' dir='ltr'>ea</span> <span class='ocrx_word' id='word_1_154' title='bbox 1251 1397 1376 1434; x_wconf 91' lang='lat' dir='ltr'>prope-</span> 
     </span>
     <span class='ocr_line' id='line_1_22' title="bbox 200 1449 1383 1498; baseline -0.003 -11"><span class='ocrx_word' id='word_1_155' title='bbox 200 1451 351 1488; x_wconf 86' lang='lat' dir='ltr'>rantius</span> <span class='ocrx_word' id='word_1_156' title='bbox 372 1463 486 1498; x_wconf 72' lang='lat' dir='ltr'>quan]</span> <span class='ocrx_word' id='word_1_157' title='bbox 514 1462 579 1485; x_wconf 76' lang='lat' dir='ltr'>aes</span> <span class='ocrx_word' id='word_1_158' title='bbox 604 1453 783 1485; x_wconf 86' lang='lat' dir='ltr'>mutuum</span> <span class='ocrx_word' id='word_1_159' title='bbox 810 1449 969 1485; x_wconf 81' lang='lat' dir='ltr'>reddere</span> <span class='ocrx_word' id='word_1_160' title='bbox 983 1462 992 1495; x_wconf 79' lang='lat'><em>3</em></span> <span class='ocrx_word' id='word_1_161' title='bbox 1021 1449 1102 1497; x_wconf 90' lang='lat' dir='ltr'>ipse</span> <span class='ocrx_word' id='word_1_162' title='bbox 1125 1449 1174 1485; x_wconf 88' lang='lat' dir='ltr'>ab</span> <span class='ocrx_word' id='word_1_163' title='bbox 1198 1449 1306 1485; x_wconf 92' lang='lat' dir='ltr'>nullo</span> <span class='ocrx_word' id='word_1_164' title='bbox 1329 1462 1383 1485; x_wconf 88' lang='lat' dir='ltr'>re-</span> 
     </span>
     <span class='ocr_line' id='line_1_23' title="bbox 200 1512 1384 1562; baseline -0.002 -12"><span class='ocrx_word' id='word_1_165' title='bbox 200 1517 342 1562; x_wconf 88' lang='lat' dir='ltr'>petere,</span> <span class='ocrx_word' id='word_1_166' title='bbox 367 1513 487 1561; x_wconf 84' lang='lat' dir='ltr'>magis</span> <span class='ocrx_word' id='word_1_167' title='bbox 517 1512 557 1549; x_wconf 87' lang='lat' dir='ltr'>id</span> <span class='ocrx_word' id='word_1_168' title='bbox 586 1513 760 1549; x_wconf 83' lang='lat' dir='ltr'>laborare</span> <span class='ocrx_word' id='word_1_169' title='bbox 789 1517 834 1548; x_wconf 91' lang='lat' dir='ltr'>ut</span> <span class='ocrx_word' id='word_1_170' title='bbox 861 1513 918 1548; x_wconf 89' lang='lat' dir='ltr'>illi</span> <span class='ocrx_word' id='word_1_171' title='bbox 947 1526 1062 1561; x_wconf 88' lang='lat' dir='ltr'>quam</span> <span class='ocrx_word' id='word_1_172' title='bbox 1088 1512 1247 1561; x_wconf 89' lang='lat' dir='ltr'>plurimi</span> <span class='ocrx_word' id='word_1_173' title='bbox 1275 1513 1384 1549; x_wconf 88' lang='lat' dir='ltr'>debe-</span> 
     </span>
     <span class='ocr_line' id='line_1_24' title="bbox 200 1577 1384 1626; baseline -0.002 -12"><span class='ocrx_word' id='word_1_174' title='bbox 200 1582 310 1623; x_wconf 70' lang='lat' dir='ltr'>rent,</span> <span class='ocrx_word' id='word_1_175' title='bbox 351 1578 441 1626; x_wconf 85' lang='lat' dir='ltr'>joca</span> <span class='ocrx_word' id='word_1_176' title='bbox 477 1581 594 1626; x_wconf 85' lang='lat' dir='ltr'>atque</span> <span class='ocrx_word' id='word_1_177' title='bbox 631 1577 730 1613; x_wconf 86' lang='lat' dir='ltr'>seria</span> <span class='ocrx_word' id='word_1_178' title='bbox 767 1590 853 1613; x_wconf 87' lang='lat' dir='ltr'>cum</span> <span class='ocrx_word' id='word_1_179' title='bbox 894 1577 1124 1613; x_wconf 89' lang='lat' dir='ltr'>humillimis</span> <span class='ocrx_word' id='word_1_180' title='bbox 1161 1589 1296 1625; x_wconf 86' lang='lat' dir='ltr'>agere;</span> <span class='ocrx_word' id='word_1_181' title='bbox 1342 1577 1384 1612; x_wconf 90' lang='lat' dir='ltr'>in</span> 
     </span>
     <span class='ocr_line' id='line_1_25' title="bbox 200 1640 1382 1690; baseline -0.001 -13"><span class='ocrx_word' id='word_1_182' title='bbox 200 1641 392 1690; x_wconf 85' lang='lat' dir='ltr'>operibus,</span> <span class='ocrx_word' id='word_1_183' title='bbox 413 1641 455 1676; x_wconf 89' lang='lat' dir='ltr'>in</span> <span class='ocrx_word' id='word_1_184' title='bbox 483 1640 647 1688; x_wconf 85' lang='lat' dir='ltr'>agmine,</span> <span class='ocrx_word' id='word_1_185' title='bbox 668 1644 785 1689; x_wconf 85' lang='lat' dir='ltr'>atque</span> <span class='ocrx_word' id='word_1_186' title='bbox 813 1640 862 1676; x_wconf 88' lang='lat' dir='ltr'>ad</span> <span class='ocrx_word' id='word_1_187' title='bbox 887 1641 1041 1689; x_wconf 80' lang='lat' dir='ltr'>vigilias</span> <span class='ocrx_word' id='word_1_188' title='bbox 1066 1640 1214 1676; x_wconf 89' lang='lat' dir='ltr'>multus</span> <span class='ocrx_word' id='word_1_189' title='bbox 1239 1640 1382 1685; x_wconf 89' lang='lat' dir='ltr'>adesse,</span> 
     </span>
     <span class='ocr_line' id='line_1_26' title="bbox 200 1704 1386 1753; baseline 0 -13"><span class='ocrx_word' id='word_1_190' title='bbox 200 1717 325 1753; x_wconf 91' lang='lat' dir='ltr'>neque</span> <span class='ocrx_word' id='word_1_191' title='bbox 345 1704 514 1749; x_wconf 87' lang='lat' dir='ltr'>interim,</span> <span class='ocrx_word' id='word_1_192' title='bbox 535 1704 637 1752; x_wconf 88' lang='lat' dir='ltr'>quod</span> <span class='ocrx_word' id='word_1_193' title='bbox 660 1717 781 1753; x_wconf 76' lang='lat' dir='ltr'>prava</span> <span class='ocrx_word' id='word_1_194' title='bbox 799 1705 961 1740; x_wconf 85' lang='lat' dir='ltr'>ambitio</span> <span class='ocrx_word' id='word_1_195' title='bbox 986 1704 1095 1750; x_wconf 85' lang='lat' dir='ltr'>solet,</span> <span class='ocrx_word' id='word_1_196' title='bbox 1116 1704 1295 1749; x_wconf 82' lang='lat' dir='ltr'>consulis,</span> <span class='ocrx_word' id='word_1_197' title='bbox 1316 1708 1386 1740; x_wconf 86' lang='lat' dir='ltr'>aut</span> 
     </span>
     <span class='ocr_line' id='line_1_27' title="bbox 201 1768 1385 1817; baseline 0 -13"><span class='ocrx_word' id='word_1_198' title='bbox 201 1769 429 1817; x_wconf 85' lang='lat' dir='ltr'>cujusquam</span> <span class='ocrx_word' id='word_1_199' title='bbox 456 1769 561 1813; x_wconf 90' lang='lat' dir='ltr'>boni,</span> <span class='ocrx_word' id='word_1_200' title='bbox 588 1768 731 1804; x_wconf 83' lang='lat' dir='ltr'>famam</span> <span class='ocrx_word' id='word_1_201' title='bbox 760 1768 911 1805; x_wconf 87' lang='lat' dir='ltr'>laedere</span> <span class='ocrx_word' id='word_1_202' title='bbox 925 1782 934 1815; x_wconf 77' lang='lat'>3</span> <span class='ocrx_word' id='word_1_203' title='bbox 963 1768 1234 1804; x_wconf 85' lang='lat' dir='ltr'>tantummodo</span> <span class='ocrx_word' id='word_1_204' title='bbox 1261 1781 1385 1816; x_wconf 91' lang='lat' dir='ltr'>neque</span> 
     </span>
     <span class='ocr_line' id='line_1_28' title="bbox 202 1831 1386 1881; baseline 0.001 -14"><span class='ocrx_word' id='word_1_205' title='bbox 202 1831 361 1867; x_wconf 88' lang='lat' dir='ltr'>consilio</span> <span class='ocrx_word' id='word_1_206' title='bbox 398 1844 523 1880; x_wconf 88' lang='lat' dir='ltr'>neque</span> <span class='ocrx_word' id='word_1_207' title='bbox 550 1844 669 1868; x_wconf 86' lang='lat' dir='ltr'>manu</span> <span class='ocrx_word' id='word_1_208' title='bbox 698 1832 865 1881; x_wconf 84' lang='lat' dir='ltr'>priorem</span> <span class='ocrx_word' id='word_1_209' title='bbox 894 1832 1014 1868; x_wconf 85' lang='lat' dir='ltr'>alium</span> <span class='ocrx_word' id='word_1_210' title='bbox 1041 1832 1147 1880; x_wconf 87' lang='lat' dir='ltr'>pati;</span> <span class='ocrx_word' id='word_1_211' title='bbox 1184 1831 1386 1880; x_wconf 88' lang='lat' dir='ltr'>plerosque</span> 
     </span>
     <span class='ocr_line' id='line_1_29' title="bbox 202 1895 1386 1940; baseline 0 -9"><span class='ocrx_word' id='word_1_212' title='bbox 202 1895 436 1932; x_wconf 81' lang='lat' dir='ltr'>antevenire.</span> <span class='ocrx_word' id='word_1_213' title='bbox 487 1896 605 1940; x_wconf 81' lang='lat' dir='ltr'>Queis</span> <span class='ocrx_word' id='word_1_214' title='bbox 625 1897 739 1932; x_wconf 88' lang='lat' dir='ltr'>rebus</span> <span class='ocrx_word' id='word_1_215' title='bbox 758 1901 798 1933; x_wconf 88' lang='lat' dir='ltr'>ct</span> <span class='ocrx_word' id='word_1_216' title='bbox 816 1897 966 1933; x_wconf 87' lang='lat' dir='ltr'>artibus</span> <span class='ocrx_word' id='word_1_217' title='bbox 984 1896 1094 1932; x_wconf 89' lang='lat' dir='ltr'>brevi</span> <span class='ocrx_word' id='word_1_218' title='bbox 1109 1895 1237 1932; x_wconf 85' lang='lat' dir='ltr'>Mario</span> <span class='ocrx_word' id='word_1_219' title='bbox 1256 1895 1386 1931; x_wconf 89' lang='lat' dir='ltr'>militi-</span> 
     </span>
     <span class='ocr_line' id='line_1_30' title="bbox 202 1959 744 2007; baseline 0.002 -12"><span class='ocrx_word' id='word_1_220' title='bbox 202 1959 349 2007; x_wconf 87' lang='lat' dir='ltr'>busque</span> <span class='ocrx_word' id='word_1_221' title='bbox 369 1959 589 1996; x_wconf 86' lang='lat' dir='ltr'>carissimus</span> <span class='ocrx_word' id='word_1_222' title='bbox 608 1959 744 1996; x_wconf 81' lang='lat' dir='ltr'>factus.</span> 
     </span>
    </p>

    <p class='ocr_par' dir='ltr' id='par_1_4' title="bbox 202 2021 1387 2199">
     <span class='ocr_line' id='line_1_31' title="bbox 281 2021 1385 2073; baseline 0 -15"><span class='ocrx_word' id='word_1_223' title='bbox 281 2022 457 2060; x_wconf 84' lang='lat' dir='ltr'>XCVII.</span> <span class='ocrx_word' id='word_1_224' title='bbox 514 2023 574 2059; x_wconf 91' lang='lat' dir='ltr'>At</span> <span class='ocrx_word' id='word_1_225' title='bbox 605 2024 632 2060; x_wconf 82' lang='lat' dir='ltr'>J</span> <span class='ocrx_word' id='word_1_226' title='bbox 637 2024 816 2072; x_wconf 86' lang='lat' dir='ltr'>ugurtha,</span> <span class='ocrx_word' id='word_1_227' title='bbox 844 2028 1049 2073; x_wconf 84' lang='lat' dir='ltr'>postquam</span> <span class='ocrx_word' id='word_1_228' title='bbox 1078 2022 1262 2072; x_wconf 88' lang='lat' dir='ltr'>oppidum</span> <span class='ocrx_word' id='word_1_229' title='bbox 1292 2021 1385 2070; x_wconf 85' lang='lat' dir='ltr'>Cap-</span> 
     </span>
     <span class='ocr_line' id='line_1_32' title="bbox 202 2086 1387 2135; baseline 0 -14"><span class='ocrx_word' id='word_1_230' title='bbox 202 2098 283 2122; x_wconf 85' lang='lat' dir='ltr'>sam</span> <span class='ocrx_word' id='word_1_231' title='bbox 316 2086 487 2135; x_wconf 90' lang='lat' dir='ltr'>aliosque</span> <span class='ocrx_word' id='word_1_232' title='bbox 520 2087 622 2123; x_wconf 90' lang='lat' dir='ltr'>locos</span> <span class='ocrx_word' id='word_1_233' title='bbox 654 2088 826 2124; x_wconf 87' lang='lat' dir='ltr'>munitos</span> <span class='ocrx_word' id='word_1_234' title='bbox 858 2092 899 2125; x_wconf 87' lang='lat' dir='ltr'>et</span> <span class='ocrx_word' id='word_1_235' title='bbox 931 2088 1004 2124; x_wconf 87' lang='lat' dir='ltr'>sibi</span> <span class='ocrx_word' id='word_1_236' title='bbox 1037 2087 1164 2132; x_wconf 86' lang='lat' dir='ltr'>utiles,</span> <span class='ocrx_word' id='word_1_237' title='bbox 1199 2086 1314 2123; x_wconf 89' lang='lat' dir='ltr'>simul</span> <span class='ocrx_word' id='word_1_238' title='bbox 1347 2090 1387 2122; x_wconf 89' lang='lat' dir='ltr'>et</span> 
     </span>
     <span class='ocr_line' id='line_1_33' title="bbox 203 2150 1386 2199; baseline 0 -14"><span class='ocrx_word' id='word_1_239' title='bbox 203 2162 381 2198; x_wconf 85' lang='lat' dir='ltr'>magnam</span> <span class='ocrx_word' id='word_1_240' title='bbox 418 2151 622 2199; x_wconf 87' lang='lat' dir='ltr'>pecuniam</span> <span class='ocrx_word' id='word_1_241' title='bbox 660 2152 853 2197; x_wconf 85' lang='lat' dir='ltr'>amiserat,</span> <span class='ocrx_word' id='word_1_242' title='bbox 891 2152 940 2188; x_wconf 91' lang='lat' dir='ltr'>ad</span> <span class='ocrx_word' id='word_1_243' title='bbox 985 2151 1180 2188; x_wconf 88' lang='lat' dir='ltr'>Bocchum</span> <span class='ocrx_word' id='word_1_244' title='bbox 1224 2150 1386 2186; x_wconf 90' lang='lat' dir='ltr'>nuncios</span> 
     </span>
    </p>
   </div>
  </div>
 </body>
</html>
