1543 2449
213 105 263 144 60
486 105 623 144 SALL
633 106 786 144 USTII
816 107 1126 146 JUGURTHA.

212 194 253 231 ,et
282 203 354 230 sua
381 193 598 229 necessaria
625 196 714 242 post
741 193 847 230 illius
874 193 1057 232 honorem
1076 195 1272 233 ducerent.
1330 196 1396 233 lta

212 256 389 304 perculsa
419 257 625 293 nobilitate
654 261 743 306 post
771 258 915 295 multas
942 263 1193 308 tempestates
1212 273 1313 297 novo
1331 261 1396 297 ho-

213 320 311 356 mini
335 321 559 357 consulatus
586 320 817 368 mandatur,
859 326 900 358 et
925 327 1060 371 postea
1086 325 1252 374 populus
1280 338 1303 362 a
1330 325 1397 361 tri-

213 383 318 420 buno
354 384 478 433 plebis
515 384 682 421 Manilio
712 385 898 422 Mancino
927 391 1097 436 rogatus,
1127 402 1241 438 quem
1279 390 1398 426 vellet

214 460 300 484 cum
320 448 348 485 J
351 448 520 496 ugurtha
538 449 682 485 bellum
708 462 851 498 gerere,
871 450 1054 499 frequens
1079 451 1251 489 Marium
1265 453 1393 501 jussit.

214 511 289 548 Sed
318 516 476 548 senatus
503 513 635 561 paullo
662 517 754 550 ante
782 513 946 551 Metello
974 515 1204 552 Numidiam
1223 517 1398 554 decreve-

213 579 297 612 rat:
327 588 373 612 ea
391 588 451 612 res
470 576 618 613 frustra
635 576 722 614 fuit.

293 639 491 677 LXXIV.
550 640 698 678 Eodem
718 644 891 690 tempore
906 641 934 679 J
936 642 1117 691 ugurtha,
1138 643 1289 680 amissis
1308 644 1399 680 ami-

214 703 280 749 cis,
301 716 465 752 quorum
485 704 687 753 plerosque
707 705 789 753 ipse
808 710 1026 751 necaverat,
1041 707 1160 743 ceteri
1178 706 1398 752 formidine,

213 780 303 816 pars
322 767 372 804 ad
392 767 601 814 Romanos,
618 769 685 805 alii
704 769 753 807 ad
772 782 899 818 regem
916 770 1113 806 Bocchum
1127 770 1382 819 profugerant
1389 785 1400 818 3

214 844 335 880 quum
353 844 479 880 neque
497 833 644 870 bellum
663 833 745 879 geri
764 833 846 869 sine
866 834 1106 870 administris
1121 838 1261 883 posset,
1278 838 1319 870 et
1336 847 1401 870 no-

214 908 353 932 vorum
371 896 487 932 fidem
505 896 548 932 in
566 900 679 933 tanta
706 897 869 946 perfidia
898 902 1075 934 veterum
1106 898 1276 946 experiri
1303 898 1401 947 peri-

215 959 390 996 culosum
419 959 590 1006 duceret,
619 961 751 997 varius
770 961 1019 1010 incertusque
1047 962 1246 1010 agitabat;
1274 974 1400 1010 neque

214 1023 273 1060 illi
292 1035 365 1069 res,
385 1036 510 1072 neque
530 1024 746 1070 consilium,
766 1028 836 1061 aut
854 1025 1057 1073 quisquam
1085 1025 1287 1062 hominum
1306 1025 1401 1062 satis

215 1087 417 1136 placebat3
445 1088 588 1124 itinera
606 1088 898 1137 praefectosque
917 1089 959 1124 in
977 1088 1060 1125 dies
1078 1093 1231 1125 mutare
1247 1103 1256 1136 3
1285 1089 1400 1125 modo

215 1150 421 1187 adversum
437 1151 578 1198 hostes,
591 1152 788 1189 interdum
800 1152 842 1188 in
854 1152 1082 1189 solitudines
1094 1166 1270 1202 pergere3
1290 1166 1402 1202 saepe

217 1215 259 1251 in
277 1215 382 1263 fuga,
403 1228 447 1251 ac
465 1219 554 1264 post
572 1216 703 1265 paullo
722 1229 829 1265 spem
848 1217 890 1252 in
909 1217 1026 1253 armis
1045 1217 1188 1253 habere
1207 1210 1405 1261 dubitare,

217 1279 358 1315 virtuti
390 1280 636 1328 popularium
669 1294 720 1316 an
746 1280 822 1317 fide
850 1281 979 1317 minus
1002 1281 1197 1318 crederet:
1226 1281 1293 1327 ita,
1313 1293 1404 1330 quo-

217 1356 381 1392 cumque
400 1344 635 1389 intenderat,
656 1357 717 1380 res
736 1344 920 1381 adversae
940 1348 1060 1381 erant.
1120 1344 1197 1381 Sed
1216 1344 1320 1380 inter
1338 1357 1402 1380 eas

217 1420 344 1444 moras
372 1412 531 1456 repente
559 1420 641 1444 sese
670 1408 856 1444 Metellus
893 1421 980 1445 cum
1018 1408 1192 1444 exercitu
1220 1407 1399 1444 ostendit.

218 1471 415 1508 Numidae
435 1472 484 1508 ab
498 1472 526 1508 J
529 1472 698 1520 ugurtha
712 1485 782 1521 pro
797 1475 969 1522 tempore
984 1472 1112 1521 parati
1126 1471 1403 1520 instructique:

218 1535 309 1572 dein
327 1536 517 1585 proelium
536 1536 732 1585 incipitur.
792 1536 878 1581 Qua
897 1536 939 1572 in
957 1539 1068 1585 parte
1083 1548 1152 1572 rex
1171 1547 1323 1584 pugnae
1343 1534 1406 1571 ad-

218 1599 307 1647 fuit,
321 1601 377 1636 ibi
389 1600 629 1650 aliquamdiu
648 1604 858 1646 certatum;
887 1600 1007 1637 ceteri
1021 1599 1105 1647 ejus
1119 1599 1265 1635 milites
1279 1598 1404 1647 primo

219 1677 407 1701 concursu
426 1665 529 1714 pulsi
548 1665 760 1713 fugatique.
820 1663 990 1700 Romani
1010 1663 1207 1711 signorum
1227 1666 1267 1698 et
1285 1674 1405 1698 armo-

219 1742 305 1765 rum
325 1729 525 1777 aliquanto
545 1741 718 1774 numero,
734 1728 905 1764 hostium
925 1740 1136 1776 paucorum
1151 1726 1284 1776 potiti:
1314 1739 1403 1762 nam

218 1792 340 1829 ferme
359 1792 554 1829 Numidas
573 1793 615 1829 in
635 1793 815 1829 omnibus
833 1792 991 1842 proeliis
1010 1791 1127 1840 pedes
1146 1791 1270 1839 magis
1290 1803 1404 1839 quam

219 1870 326 1893 arma
345 1860 432 1893 tuta
451 1861 552 1894 sunt.

298 1920 470 1957 LXXV.
529 1920 589 1957 Ea
619 1920 712 1969 fuga
741 1920 768 1957 J
772 1919 953 1968 ugurtha,
980 1918 1193 1968 impensius
1214 1917 1329 1955 modo
1351 1930 1406 1954 re-

218 1984 291 2019 bus
311 1983 390 2019 suis
409 1983 599 2030 diffidens,
620 1997 708 2020 cum
727 1983 902 2033 perfugis
930 1987 971 2020 et
998 1986 1109 2031 parte
1138 1982 1336 2031 equitatus
1363 1981 1405 2017 in

219 2047 459 2093 solitudines,
488 2048 579 2084 dein
612 2048 773 2084 Thalam
805 2047 996 2097 pervenit,
1017 2047 1059 2082 in
1089 2046 1274 2095 oppidum
1302 2057 1404 2093 mag-

219 2122 313 2146 num
333 2114 373 2146 et
391 2111 631 2158 opulentum,
652 2111 721 2148 ubi
747 2111 923 2160 plerique
955 2110 1140 2155 thesauri,
1160 2109 1404 2156 filiorumque

221 2173 306 2222 ejus
326 2173 474 2210 multus
489 2174 680 2223 pueritiae
693 2174 821 2211 cultus
834 2177 926 2213 erat.
987 2173 1095 2219 Quae
1108 2175 1311 2222 postquam
1327 2170 1409 2208 Me-
