1543 2449
197 115 245 151 48
469 115 763 153 SALLUSTJI
794 114 1098 152 JUGURTJIA.

196 199 343 246 gotium
362 201 553 249 poscebat,
574 201 596 237 J
606 200 811 248 ugurtham
839 201 1105 237 laborantibus
1130 199 1209 236 suis
1228 197 1374 234 auxilio

197 268 417 310 venturum,
443 265 573 313 ibique
600 265 789 313 proelium
814 264 904 300 fore.
962 264 1023 300 At
1046 264 1123 309 ille,
1144 275 1241 312 quae
1268 274 1375 311 para-

197 330 351 375 bantur,
365 344 388 366 a
405 330 577 378 perfugis
596 329 765 375 edoctus,
781 329 931 377 magnis
945 329 1150 365 itineribus
1170 328 1373 364 Metellum

198 392 408 437 antevenit,
435 392 645 440 oppidanos
673 392 863 438 hortatur,
893 392 1044 428 moenia
1071 391 1294 435 defendant,
1314 389 1376 425 ad-

198 457 290 492 ditis
318 455 464 491 auxilio
483 455 667 503 perfugis,
684 455 787 504 quod
806 468 927 504 genus
946 468 995 491 ex
1015 455 1133 503 copiis
1153 454 1264 503 regis,
1286 453 1377 502 quia

199 519 331 554 fallere
343 519 539 566 nequibat,
553 518 815 554 firmissimum
831 522 914 555 erat
927 532 935 564 3
964 522 1162 567 praeterea
1174 518 1378 566 pollicetur

200 584 240 618 in
259 587 432 631 tempore
451 586 573 618 semet
592 595 679 618 cum
695 583 870 619 exercitu
889 583 1014 618 affore.
1074 582 1139 618 Ita
1158 580 1378 630 compositis

200 647 314 682 rebus
346 646 388 681 in
417 646 500 682 loca
528 659 643 694 quam
671 646 839 682 maxime
865 646 1016 682 occulta
1035 644 1210 690 discedit,
1231 657 1274 680 ac
1292 648 1380 693 post

200 711 329 759 paullo
349 711 545 759 cognoscit
563 711 734 746 Marium
756 724 804 747 ex
823 711 962 747 itinere
982 710 1264 746 frumentatum
1293 721 1378 744 cum

200 775 333 824 paucis
352 775 574 811 cohortibus
600 775 747 812 Siccam
776 775 953 822 missum,
983 774 1085 823 quod
1104 774 1287 822 oppidum
1307 772 1380 821 pri-

200 854 306 877 mum
326 841 498 877 omnium
518 844 606 889 post
623 841 763 876 malam
783 853 953 889 pugnam
982 840 1030 876 ab
1058 852 1145 887 rege
1174 838 1376 874 defecerat.

202 906 259 942 Eo
279 918 365 941 cum
385 904 544 941 delectis
565 905 761 953 equitibus
780 909 898 941 noctu
917 904 1055 953 pergit,
1076 907 1116 939 et
1138 903 1219 951 jam
1239 901 1382 950 egredi-

201 970 356 1006 entibus
376 969 564 1005 Romanis
583 969 625 1004 in
643 973 756 1017 porta
774 981 943 1017 pugnam
963 967 1081 1013 facit,
1110 966 1224 1002 simul
1243 978 1383 1014 magna

202 1045 295 1068 voce
310 1032 505 1068 Siccenses
519 1030 709 1076 hortatur,
732 1030 822 1066 “uti
841 1029 1016 1066 cohortes
1031 1029 1079 1065 ab
1098 1032 1205 1076 tergo
1225 1027 1382 1063 circum-

203 1096 380 1141 veniant,
400 1095 598 1131 fortunam
610 1093 798 1143 praeclari
809 1093 992 1130 facinoris
1008 1105 1137 1129 casum
1153 1093 1243 1128 dare
1256 1106 1266 1140 3
1296 1092 1328 1128 si
1343 1092 1382 1128 id

202 1161 377 1206 fecerint,
408 1163 542 1208 postea
571 1172 652 1195 sese
680 1159 722 1194 in
749 1171 879 1207 regno,
908 1158 995 1194 illos
1022 1157 1065 1193 in
1092 1157 1272 1193 libertate
1301 1156 1404 1207 sine*

203 1228 310 1260 metu
329 1227 496 1259 aetatem
516 1226 678 1259 acturos.
686 1222 704 1238 ⁷’

759 1222 821 1258 Ac
852 1222 895 1259 ni
924 1222 1076 1259 Marius
1104 1222 1213 1270 signa
1240 1221 1383 1258 inferre

203 1292 320 1337 atque
352 1287 515 1324 evadere
545 1287 686 1335 oppido
715 1287 1011 1336 properavisset,
1045 1285 1220 1335 profecto
1253 1286 1383 1322 cuncti

204 1356 274 1389 aut
291 1365 431 1400 magna
449 1365 538 1401 pars
558 1352 794 1388 Siccensium
822 1352 936 1388 fidem
964 1351 1244 1387 mutavissent:
1273 1354 1385 1387 tanta

205 1416 420 1452 mobilitate
448 1428 529 1452 sese
554 1414 750 1451 Numidae
772 1418 902 1463 agunt.
971 1413 1046 1450 Sed
1075 1414 1219 1450 milites
1243 1412 1270 1450 J
1274 1426 1384 1461 ugur-

205 1479 318 1525 thini,
339 1479 550 1528 paullisper
568 1479 617 1515 ab
636 1491 724 1527 rege
752 1477 973 1523 sustentati,
1004 1480 1209 1526 postquam
1241 1476 1385 1524 majore

205 1544 246 1580 vi
264 1543 393 1580 hostes
412 1546 563 1591 urgent,
584 1542 718 1591 paucis
737 1541 887 1578 amissis
906 1540 1061 1590 profugi
1079 1540 1293 1576 discedunt.

284 1607 417 1644 LVII.
476 1606 628 1643 Marius
647 1605 696 1642 ad
717 1605 875 1641 Zamam
894 1604 1094 1654 pervenit:
1124 1603 1164 1640 id
1187 1603 1383 1653 oppidum,

206 1672 248 1708 in
276 1683 410 1720 campo
437 1670 567 1716 situm,
587 1669 709 1718 magis
737 1681 851 1717 opere
879 1680 994 1717 quam
1022 1670 1164 1703 natura
1190 1666 1383 1703 munitum

207 1741 312 1785 erat,-
341 1736 487 1773 nullius
506 1735 666 1772 idoneae
684 1734 741 1770 rei
759 1746 886 1782 egens,
906 1733 1024 1769 armis
1042 1732 1212 1781 virisque
1231 1733 1385 1782 opulen-

208 1805 300 1836 tum.
359 1799 488 1848 Igitur
507 1798 692 1834 Metellus
710 1810 779 1846 pro
798 1801 970 1846 tempore
989 1800 1105 1844 atque
1130 1796 1213 1832 loco
1240 1797 1385 1844 paratis

208 1865 322 1901 rebus
358 1868 498 1900 cuncta
533 1863 686 1899 moenia
714 1861 889 1898 exercitu
926 1860 1181 1897 circumvenit
1194 1873 1204 1906 3
1249 1860 1386 1909 legatis

209 1931 385 1978 imperat,
406 1929 474 1965 ubi
493 1928 655 1978 quisque
675 1930 851 1973 curaret,
880 1926 1019 1963 deinde
1039 1925 1148 1974 signo
1166 1925 1257 1962 dato
1277 1925 1385 1962 undi-

208 2007 282 2043 que
301 1993 417 2030 simul
436 1994 580 2030 clamor
598 1993 734 2041 ingens
749 1991 890 2028 oritur:
911 2003 1035 2039 neque
1050 2003 1095 2026 ea
1113 2003 1174 2026 res
1193 1989 1386 2026 Numidas

208 2061 351 2103 terret,
380 2056 523 2093 infensi
541 2056 761 2104 intentique
781 2055 863 2091 sine
883 2054 1057 2090 tumultu
1076 2057 1252 2090 manent:
1281 2066 1386 2102 proe-

208 2122 304 2158 lium
335 2121 530 2169 incipitur.
590 2119 770 2164 Romani,
804 2131 874 2168 pro
906 2117 1061 2167 ingenio
1091 2117 1264 2166 quisque,
1296 2130 1386 2166 pars

208 2185 358 2222 eminus
389 2185 528 2234 glande
561 2188 630 2221 aut
656 2184 851 2233 lapidibus
879 2195 1063 2232 pugnare,
1084 2182 1151 2218 alii
1170 2182 1383 2228 succedero,

1424 2155 1441 2162 ι
