1502 2449
162 95 211 131 32
443 93 742 132 SALLUSTII
777 91 1057 132 CATILINA.

161 192 229 228 tiis
258 191 423 241 privatis
451 192 619 238 obnoxii,
650 192 903 238 conclamant,
937 191 1139 228 “indicem
1171 189 1348 237 falsum‚''

164 257 287 306 deque
302 269 346 292 ea
364 268 405 292 re
423 256 624 304 postulant
643 255 703 291 uti
718 255 920 293 referatur.
969 256 1109 304 Itaque
1125 254 1351 291 consulente

166 321 348 357 Cicerone
372 319 556 369 frequens
578 323 735 356 senatus
761 319 956 357 decernit:
989 323 1011 340 ‘⁶
1026 318 1230 367 Tarquinii
1253 318 1353 355 indi-

166 385 269 421 cium
296 384 437 420 falsum
465 382 612 430 videri,
641 395 805 432 eumque
833 383 875 419 in
900 383 1066 419 vinculis
1091 381 1350 428 retinendum,

167 460 291 497 neque
321 447 488 496 amplius
521 450 753 495 potestatem
783 446 1010 494 faciendam,
1042 448 1118 484 nisi
1148 447 1195 484 de
1224 459 1268 483 eo
1297 446 1350 483 in-

168 512 325 557 dicaret,
364 511 474 559 cujus
511 510 670 546 consilio
707 514 861 546 tantam
889 523 972 548 rem
1001 512 1191 557 mentitus
1221 511 1354 548 esset.''

168 575 295 612 Erant
315 588 358 612 eo
376 579 549 623 tempore
564 575 632 624 qui
648 575 919 611 existimarent
937 576 1035 612 illud
1054 589 1077 612 a
1096 577 1138 613 P.
1157 576 1356 612 Autronio

168 641 444 688 machinatum,
467 653 543 689 quo
568 640 729 685 facilius,
759 640 953 689 appellato
978 640 1124 687 Crasso,
1150 654 1219 690 per
1244 641 1357 677 socie-

168 708 292 741 tatem
323 704 486 754 periculi
517 703 688 753 reliquos
716 704 823 740 illius
855 704 1028 753 potentia
1056 709 1212 753 tegeret.
1271 705 1358 741 Alii

170 769 429 818 Tarquinium
447 781 470 804 a
490 768 673 805 Cicerone
698 768 916 804 immissum
942 760 1109 815 aiebant,
1132 781 1180 805 ne
1201 768 1358 805 Crassus

170 846 276 870 more
304 846 373 870 suo
401 837 578 881 suscepto
607 832 798 868 malorum
826 832 1051 882 patrocinio,
1081 832 1360 881 rempublicam

170 898 429 935 conturbaret.
480 897 617 946 Ipsum
635 897 815 934 Crassum
831 910 900 946 ego
920 901 1052 946 postea
1071 897 1360 946 praedicantem

170 962 314 1008 audivi,
349 965 501 997 tautam
535 961 642 997 illam
676 961 952 998 contumeliam
985 961 1060 998 sibi
1089 961 1138 998 ab
1177 960 1361 997 Cicerone

170 1026 405 1075 impositam.

251 1090 408 1127 XLIX.
466 1089 541 1126 Sed
578 1090 716 1126 iisdem
753 1090 992 1139 temporibus
1031 1089 1076 1135 Q.
1117 1089 1281 1126 Catulus
1321 1093 1362 1125 et

172 1155 212 1192 C.
249 1154 340 1192 Piso
369 1167 494 1203 neque
523 1155 660 1203 gratia,
694 1167 819 1204 neque
857 1154 1045 1203 precibus,
1077 1167 1202 1203 neque
1235 1153 1362 1203 pretio

173 1219 397 1256 Ciceronem
422 1219 621 1268 impellere
649 1223 820 1268 potuere,
850 1219 910 1255 uti
937 1231 1007 1267 per
1034 1218 1265 1266 Allobroges
1293 1221 1363 1253 aut

172 1295 241 1332 per
259 1282 381 1319 alium
400 1283 569 1319 indicem
591 1282 630 1320 C.
659 1283 802 1320 Caesar
821 1282 920 1319 falso
939 1282 1215 1319 nominaretur.
1256 1281 1362 1318 Nam

172 1351 336 1396 uterque
364 1359 451 1383 cum
479 1347 548 1382 illo
573 1359 709 1395 graves
734 1346 962 1383 inimicitias
987 1346 1219 1383 exercebant
1226 1359 1236 1393 5
1270 1345 1362 1382 Piso

172 1415 418 1461 oppugnatus
433 1411 475 1447 in
487 1411 637 1460 judicio
652 1412 967 1460 repetundarum,
985 1416 1143 1460 propter
1161 1410 1363 1459 cujusdam

173 1475 439 1525 Transpadani
476 1475 711 1524 supplicium
742 1476 951 1525 injustum3
993 1475 1155 1512 Catulus
1185 1487 1235 1511 ex
1266 1474 1363 1523 peti-

173 1541 279 1577 tione
298 1540 548 1589 pontificatus
571 1541 659 1577 odio
684 1540 874 1587 incensus,
897 1540 1000 1590 quod
1025 1544 1201 1577 extrema
1223 1543 1361 1586 aetate,

173 1605 354 1642 maximis
397 1605 609 1642 honoribus
647 1618 751 1651 usus,
789 1606 838 1642 ab
878 1605 1165 1642 adolescentulo
1203 1604 1365 1641 Caesare

173 1670 301 1707 victus
333 1670 569 1706 discesserat.
630 1669 710 1706 Res
738 1674 868 1706 autem
898 1673 1117 1718 opportuna
1144 1668 1361 1714 videbatur,

173 1735 288 1783 quod,
319 1734 505 1783 privatim
535 1734 689 1783 egregia
718 1734 964 1779 liberalitate,
996 1733 1150 1782 publice
1183 1733 1365 1770 maximis

173 1798 400 1835 muneribus
418 1798 604 1846 grandem
624 1799 830 1847 pecuniam
854 1798 1026 1835 debebat.
1086 1797 1161 1835 Sed
1187 1797 1255 1834 ubi
1280 1810 1365 1833 con-

173 1863 296 1899 sulem
334 1863 384 1899 ad
420 1866 578 1898 tantum
615 1863 766 1898 facinus
803 1862 1003 1911 impellere
1039 1865 1249 1910 nequeunt,
1288 1861 1365 1910 ipsi

173 1926 400 1974 singulatim
420 1926 705 1972 circumeundo,
728 1931 845 1975 atque
864 1925 1112 1962 ementiendo
1134 1937 1232 1974 quae
1252 1937 1292 1961 se
1315 1938 1363 1961 ex

172 1989 380 2027 Volturcio
400 1993 469 2026 aut
491 1989 775 2039 Allobrogibus
794 1990 948 2026 audisse
974 1989 1156 2035 dicerent,
1183 2002 1364 2037 magnam

172 2054 232 2090 illi
264 2053 456 2089 invidiam
486 2054 768 2101 conflaverant3
806 2066 929 2103 usque
961 2053 1067 2099 adeo,
1103 2057 1148 2089 ut
1184 2053 1366 2089 nonnulli

172 2117 323 2166 equites
350 2116 532 2164 Romani,
560 2118 628 2166 qui
650 2118 834 2167 praesidii
857 2131 991 2155 caussa
1019 2130 1107 2154 cum
1135 2116 1224 2153 telis
1253 2121 1366 2154 erant

172 2183 318 2219 circum
346 2181 480 2218 aedem
514 2181 762 2231 Concordiae,
797 2195 866 2219 seu
892 2181 1055 2232 periculi
1082 2180 1362 2230 magnitudine,
