1502 2449
460 96 596 134 ΒΑΜ,
605 96 758 134 USTJJ
792 96 858 135 CA
866 96 1074 133 TJLJNA.
1310 97 1358 133 23

259 170 456 230 XXXV(
502 196 522 213 ‘⁴
536 193 579 230 L.
612 193 782 230 catilina
811 194 856 238 Q.
889 194 1046 231 catulo:
1101 193 1267 242 Egregia
1291 198 1361 232 tua.

181 258 283 304 fides,
306 270 347 293 re
366 257 529 305 cognita,
550 262 700 305 gratam
726 259 767 294 in
795 259 944 306 magnis
971 258 1151 307 periculis
1178 258 1359 294 fiduciam

182 321 505 358 commendationi
532 334 639 357 meae
676 323 823 358 tribuit.
883 322 1140 366 Quamobrem
1178 320 1362 358 defensio-

182 399 271 422 nem
290 387 331 422 in
350 398 449 422 novo
468 386 627 422 consilio
646 400 724 423 non
740 381 859 423 statui
874 399 1031 435 parare3
1060 385 1363 423 satisfactionem

155 446 160 452 ’
183 463 232 486 ex
250 450 358 486 nulla
376 450 610 486 conscientia
629 451 675 486 de
694 451 806 499 culpa
824 463 1035 500 proponere
1055 450 1215 496 decrevi,
1233 462 1360 499 quam,

182 527 244 550 ine
263 515 349 550 dius
369 514 493 559 fidius,
512 527 643 551 veram
663 515 753 551 licet
772 527 982 562 cognoscas.
1041 514 1103 562 Inj
1111 514 1204 550 uriis
1229 517 1362 550 contu-

183 578 384 626 meliisque
412 579 637 624 concitatus,
668 578 770 626 quod
798 578 930 614 fructu
958 578 1100 614 laboris
1133 577 1362 614 industriae-

184 654 258 690 que
286 655 392 677 meae
420 643 596 691 privatus
623 646 768 678 statum
797 642 998 690 dignitatis
1025 655 1103 678 non
1131 642 1362 686 obtinebam,

186 706 380 754 publicam
408 707 635 742 miserorum
663 719 833 742 caussam
861 719 931 754 pro
968 719 1052 742 mea
1088 706 1365 743 consuetudine

185 771 355 818 suscepi,
402 783 481 806 non
519 770 614 819 quin
650 782 715 805 aes
748 769 918 806 alienum
946 770 1041 806 meis
1069 771 1290 806 nominibus
1318 782 1366 806 ex

186 834 487 883 possessionibus
507 834 653 870 solvere
673 846 831 881 possem,
857 846 943 869 cum
970 837 1010 869 et
1037 833 1173 870 alienis
1201 833 1366 869 nomini-

186 899 257 934 bus
294 897 507 934 liberalitas
536 897 740 933 Orestillae
768 897 847 933 suis
876 898 1052 946 filiaeque
1080 899 1197 946 copiis
1225 898 1367 947 persol-

187 965 295 998 veret
308 973 318 1008 3
347 961 412 997 sed
432 961 534 1009 quod
553 974 630 997 non
649 961 785 1009 dignos
799 961 973 997 homines
988 962 1131 998 honore
1147 962 1369 998 honestatos

187 1025 377 1070 videbam,
397 1037 535 1073 meque
554 1024 650 1061 falsa
669 1025 884 1074 suspicione
903 1026 1116 1063 alienatum
1143 1027 1366 1063 sentiebam.

189 1089 277 1125 Hoc
305 1089 461 1125 nomine
481 1089 574 1124 satis
593 1089 773 1125 honestas
793 1102 861 1138 pro
881 1102 965 1126 meo
985 1103 1075 1126 casu
1094 1103 1180 1139 spes
1199 1091 1369 1139 reliquae

189 1152 394 1201 dignitatis
427 1153 711 1188 conservandae
748 1166 834 1189 sum
871 1158 1034 1191 secutus.
1094 1154 1214 1191 Plura
1251 1168 1370 1203 quum

188 1217 353 1253 scribere
399 1216 551 1262 vellem,
598 1217 825 1253 nunciatum
873 1222 932 1254 est
975 1219 1056 1255 vim
1096 1219 1193 1254 mihi
1230 1219 1367 1268 parari.

191 1281 308 1317 Nunc
330 1280 551 1316 Orestillam
572 1281 807 1326 commendo,
828 1285 995 1330 tuaeque
1015 1283 1103 1319 fidei
1123 1284 1257 1319 trado:
1287 1296 1370 1319 eam

189 1346 238 1382 ab
254 1345 396 1393 injuria
411 1345 603 1389 defendas,
620 1358 688 1393 per
702 1345 843 1381 liberos
857 1350 944 1382 tuos
962 1351 1127 1395 rogatus.
1178 1347 1372 1384 Haveto.'’

271 1409 476 1445 XXXVI.
543 1408 618 1444 Sed
663 1409 754 1457 ipse,
801 1422 941 1457 paucos
988 1410 1069 1447 dies
1115 1415 1373 1448 commoratus

191 1473 295 1522 apud
313 1473 352 1509 O.
378 1472 613 1508 Flaminium
633 1473 674 1508 in
693 1486 783 1521 agro
803 1474 1001 1521 Arretino,
1019 1475 1110 1511 dum
1132 1476 1373 1512 vicinitatem

193 1541 308 1573 antea
327 1537 573 1573 sollicitatam
598 1537 715 1572 armis
743 1543 916 1584 exornat,
947 1552 1033 1575 cum
1061 1540 1228 1576 fascibus
1256 1546 1373 1589 atque

195 1601 281 1637 aliis
318 1600 472 1649 imperii
507 1600 723 1648 insignibus
760 1601 802 1637 in
839 1607 963 1638 castra
990 1603 1038 1639 ad
1066 1604 1261 1640 Manlium
1289 1617 1374 1641 con-

196 1665 330 1701 tendit.
390 1664 499 1700 Haec
535 1665 603 1700 ubi
640 1664 788 1701 Romae
830 1671 1024 1715 comperta
1069 1672 1172 1714 sunt,
1219 1673 1375 1705 senatus

197 1729 406 1765 Catilinam
434 1733 474 1765 et
501 1728 694 1765 Manlium
723 1729 850 1765 hostes
873 1730 1046 1778 judicat3
1076 1735 1222 1768 ceterae
1247 1732 1375 1768 multi-

196 1792 326 1828 tudini
354 1792 456 1828 diem
484 1793 633 1838 statuit,
664 1797 754 1828 ante
781 1806 897 1841 quam
916 1794 999 1830 sine
1018 1794 1154 1831 fraude
1174 1795 1306 1832 liceret
1325 1796 1374 1832 ab

195 1856 313 1892 armis
349 1856 552 1903 discedere,
586 1861 739 1905 praeter
774 1869 904 1893 rerum
941 1858 1165 1906 capitalium
1202 1859 1377 1895 condem-

195 1920 307 1956 natis.
377 1919 582 1957 Praeterea
632 1920 814 1966 decernit,
862 1921 922 1957 uti
967 1922 1140 1959 consules
1185 1923 1377 1959 delectum

196 1985 388 2030 habeant3
418 1984 619 2020 Antonius
647 1996 734 2020 cum
763 1984 935 2021 exercitu
964 1985 1172 2022 Catilinam
1200 1987 1378 2035 persequi

196 2053 389 2095 maturet3
428 2049 561 2085 Cicero
589 2049 677 2084 urbi
709 2049 899 2097 praesidio
936 2049 996 2086 sit.
1053 2049 1113 2086 Ea
1147 2054 1377 2100 tempestate

197 2113 293 2149 mihi
320 2112 525 2162 imperium
554 2112 688 2161 populi
715 2112 886 2149 Romani
912 2113 1035 2150 multo
1062 2114 1230 2150 maxime
1250 2115 1379 2151 miser-

197 2176 297 2214 abile
313 2177 439 2214 visum
454 2189 463 2223 3
492 2177 554 2213 cui
574 2189 693 2225 quum
713 2176 760 2213 ad
781 2189 954 2214 occasum
974 2178 1022 2214 ab
1042 2182 1131 2215 ortu
1146 2178 1234 2216 solis
1249 2178 1378 2216 omnia
