1543 2449
213 111 261 147 24
480 110 776 148 SALLUSTJI
811 109 1118 149 JUGUBTHA.

209 200 325 232 natus
366 209 389 232 a
428 196 562 233 Bestia
600 196 800 232 consultus
840 199 911 240 est,
955 196 1203 244 “placeretne
1243 197 1390 245 legatos

208 259 429 307 Jugurthae
461 258 580 306 recipi
612 257 862 294 moenibus:”
899 259 1003 307 iique
1032 259 1246 306 decrevere,
1279 260 1389 298 “nisi

207 337 367 372 regnum
396 324 600 372 ipsumque
636 322 812 358 deditum
841 323 1049 369 venissent,
1078 325 1138 360 uti
1174 325 1216 361 in
1254 325 1390 362 diebus

206 388 393 437 proximis
421 387 552 423 decem
572 387 692 423 Italia
711 386 974 423 decederent.''
1031 385 1175 424 Consul
1202 389 1388 425 Numidis

207 467 255 489 ex
275 453 401 489 senati
420 452 574 488 decreto
593 451 771 487 nunciari
786 452 918 500 jubet:
947 452 1005 488 ita
1023 452 1178 489 infectis
1197 453 1312 489 rebus
1330 454 1389 489 illi

207 518 362 553 domum
383 516 597 553 discedunt.
657 516 823 552 Interim
853 515 1100 564 Calpurnius,
1129 521 1265 565 parato
1284 530 1389 554 exer-

206 583 297 626 citu,
335 581 439 629 legat
475 580 549 616 sibi
584 580 760 616 homines
796 580 955 625 nobiles,
993 580 1186 626 factiosos,
1224 593 1387 630 quorum

204 645 436 681 auctoritate
456 657 554 693 quae
580 644 806 692 deliquisset
833 644 986 680 munita
1013 644 1096 681 fore
1122 645 1301 694 sperabat
1308 659 1318 692 5
1346 646 1388 682 in

204 709 312 757 queis
343 708 421 744 fuit
454 708 633 753 Scaurus,
654 708 765 755 cujus
793 707 840 744 de
868 712 1010 744 natura
1038 712 1077 744 et
1106 708 1244 745 habitu
1272 722 1388 758 supra

203 773 510 809 memoravimus.
569 772 674 809 Nam
692 773 734 808 in
753 773 910 809 consule
935 777 1067 809 nostro
1086 773 1232 809 multae
1251 773 1388 810 bonae-

203 850 276 885 que
296 840 399 872 artes
418 835 538 872 animi
558 840 598 872 et
616 836 786 885 corporis
804 840 927 882 erant,
948 849 1043 885 quas
1062 849 1194 873 omnes
1219 836 1386 873 avaritia

202 901 476 950 praepediebat
487 915 497 948 ‚·
526 901 678 950 patiens
697 901 885 946 laborum,
905 902 985 938 acri
1004 902 1170 950 ingenio,
1191 902 1285 938 satis
1303 914 1387 951 pro-

201 967 349 1012 videns,
369 966 462 1002 belli
480 966 585 1002 haud
603 966 772 1015 ignarus,
793 966 1036 1003 firmissimus
1056 970 1190 1003 contra
1215 966 1386 1016 pericula

202 1036 242 1067 et
259 1031 428 1067 insidias.
489 1030 564 1067 Sed
582 1030 751 1079 legiones
769 1044 839 1079 per
858 1031 1015 1067 Italiam
1045 1031 1240 1080 Rhegium
1269 1035 1385 1080 atque

200 1095 290 1131 inde
311 1094 494 1139 Siciliam,
514 1106 629 1142 porro
648 1106 697 1130 ex
717 1093 850 1130 Sicilia
868 1094 910 1130 in
929 1094 1108 1130 Africam
1128 1098 1380 1130 transvectae.

201 1158 330 1206 Igitur
349 1157 585 1206 Calpurnius
612 1157 726 1194 initio
755 1157 902 1206 paratis
935 1158 1213 1194 commeatibus
1243 1157 1385 1194 acriter

200 1220 428 1256 Numidiam
447 1220 642 1267 ingressus
661 1223 731 1265 est,
752 1219 971 1268 multosque
996 1220 1178 1256 mortales
1204 1223 1245 1256 et
1270 1220 1383 1256 urbes
1402 1218 1407 1222 ’

199 1285 348 1333 aliquot
366 1283 574 1332 pugnando
594 1283 707 1332 capit.

278 1347 439 1384 XXIX.
499 1347 575 1383 Sed
603 1347 671 1382 ubi
697 1347 725 1383 J
729 1346 898 1395 ugurtha
929 1360 999 1395 per
1036 1347 1182 1396 legatos
1218 1348 1383 1396 pecunia

198 1415 362 1456 tentare,
405 1411 585 1459 bellique,
629 1409 733 1458 quod
775 1410 1086 1456 administrabat,
1131 1411 1381 1459 asperitatem

198 1475 399 1512 ostendere
419 1475 556 1523 coepit,
576 1474 729 1510 animus
757 1487 869 1522 aeger
896 1475 1062 1511 avaritia
1089 1475 1202 1512 facile
1228 1488 1382 1512 conver-

198 1554 262 1577 sus
282 1545 349 1577 est.
410 1540 589 1577 Ceterum
611 1539 737 1576 socius
756 1544 796 1575 et
814 1539 1043 1576 administer
1070 1540 1243 1576 omnium
1263 1540 1381 1576 consi-

197 1606 335 1642 liorum
368 1604 580 1641 assumitur
612 1604 802 1650 Scaurus,
842 1604 909 1652 qui
941 1605 1097 1641 tametsi
1126 1618 1149 1640 a
1177 1604 1379 1653 principio,

196 1668 389 1717 plerisque
417 1680 466 1703 ex
493 1667 663 1703 factione
690 1667 774 1715 ejus
802 1667 1005 1716 corruptis,
1034 1668 1219 1704 acerrime
1251 1681 1378 1717 regem

195 1733 504 1780 impugnaverat,
543 1734 675 1767 tamen
710 1731 979 1779 magnitudine
1015 1732 1201 1780 pecuniae
1228 1745 1252 1768 a
1278 1733 1379 1769 bono

195 1796 433 1844 honestoque
460 1795 502 1831 in
530 1808 693 1844 pravum
722 1796 940 1832 abstractus
959 1799 1025 1832 est.
1086 1795 1161 1832 Sed
1179 1795 1207 1832 J
1210 1796 1379 1844 ugurtha

195 1861 362 1909 primum
393 1860 663 1896 tantummodo
695 1860 787 1896 belli
816 1872 962 1896 moram
992 1860 1218 1904 redimebat,
1249 1860 1378 1896 existi-

194 1936 305 1959 mans
333 1936 414 1959 sese
442 1922 590 1972 aliquid
617 1922 774 1958 interim
813 1922 962 1958 Romae
998 1922 1123 1971 pretio
1156 1926 1226 1958 aut
1252 1923 1377 1970 gratia

194 1988 421 2023 effecturum
437 2000 444 2022 :
472 1990 607 2036 postea
621 1999 713 2023 vero
731 2000 846 2035 quam
861 1987 1088 2036 participem
1103 1986 1249 2035 negotii
1264 1986 1377 2023 Scau-

194 2063 281 2086 rum
327 2050 486 2098 accepit,
523 2050 565 2086 in
608 2050 818 2086 maximam
854 2063 960 2099 spem
997 2049 1188 2086 adductus
1223 2061 1376 2098 recupe-

194 2114 337 2150 randae
356 2114 462 2162 pacis
490 2115 631 2150 statuit
658 2127 746 2150 cum
773 2115 822 2151 iis
849 2115 896 2151 de
925 2115 1104 2151 omnibus
1130 2113 1375 2162 pactionibus

194 2190 374 2227 praesens
393 2190 513 2226 agere.
574 2179 754 2216 Ceterum
774 2180 923 2218 interea
942 2180 1032 2217 fidei
1051 2193 1185 2217 caussa
1203 2180 1375 2217 mittitur
