1502 2449
451 127 586 166 SALL
596 129 747 168 USTJI
783 128 847 168 CA
856 127 1060 167 TILINA.
1300 131 1350 169 39

169 225 260 262 haec
279 238 444 275 cumque
463 227 569 263 modi
591 228 786 274 videntur,
807 232 949 275 nostra,
972 242 1020 264 an
1047 228 1248 265 nobiseum
1272 242 1352 266 una

168 291 337 327 hostium
363 292 496 328 futura
521 292 609 330 sint.
669 293 748 330 Hic
774 294 870 330 mihi
898 295 1102 342 quisquam
1130 297 1351 330 mansuetu-

167 354 296 391 dinem
323 359 362 392 et
387 356 686 393 misericordiam
712 357 897 394 nominat.
954 357 982 394 J
984 370 1045 393 am
1071 356 1221 406 pridem
1247 358 1351 406 equi-

134 469 139 476 .
165 419 250 455 dem
278 432 349 456 nos
376 432 468 456 vera
495 433 625 457 rerum
652 421 841 458 vocabula
869 421 1068 457 amisimus
1081 435 1091 468 3
1130 421 1221 470 quia
1248 422 1349 458 bona

164 484 290 520 aliena
322 484 465 533 largiri,
504 485 716 522 liberalitas
731 498 740 531 3
786 486 975 522 malarum
1013 499 1140 522 rerum
1174 486 1346 531 audacia,

162 548 352 584 fortitudo
377 553 563 586 vocatur:
598 562 642 585 eo
668 550 884 598 respublica
909 549 951 585 in
978 553 1151 585 extremo
1178 548 1252 584 sita
1277 554 1344 586 est.

163 612 251 648 Sint
277 625 378 658 sane,
405 614 588 662 quoniam
614 614 671 650 ita
696 627 735 650 se
761 625 885 650 mores
910 613 1064 658 habent,
1091 613 1270 650 liberales
1298 627 1346 650 ex

161 676 349 712 sociorum
369 677 547 724 fortunis,
566 678 645 713 sint
665 678 929 714 misericordes
948 678 990 713 in
1008 678 1161 713 furibus
1188 677 1327 714 aerarii
1334 691 1345 725 3

162 752 210 775 ne
237 740 295 775 illi
324 741 550 789 sanguinem
576 746 751 776 nostrum
777 741 1003 789 largiantur,
1032 744 1071 777 et
1098 742 1188 777 dum
1214 742 1345 790 paucis

160 804 352 840 sceleratis
372 810 536 853 parcunt
556 805 677 841 bonos
700 818 832 841 01111108
858 806 1051 854 perditum
1079 810 1179 843 eant.
1237 806 1345 842 Bene

158 872 197 905 et
225 869 432 917 composite
461 869 502 905 O.
532 869 671 905 Caesar
698 869 828 918 paullo
855 873 947 905 ante
975 870 1017 905 111
1041 869 1112 905 1100
1138 869 1272 906 ordine
1297 870 1343 906 de

157 932 240 968 vita
277 937 316 968 et
352 936 475 969 morte
512 933 704 979 disseruit,
745 933 868 979 credo,
907 933 1002 969 falsa
1039 933 1266 969 existimans
1299 946 1344 969 ea

156 1007 255 1043 quae
280 995 326 1031 de
352 994 486 1031 inferis
512 1000 777 1031 memorantur
790 1009 800 1041 3
831 996 982 1032 diverso
1007 996 1147 1031 itinere
1173 996 1294 1032 malos
1319 1008 1343 1032 a

155 1060 265 1096 bonis
293 1059 374 1095 loca
399 1063 511 1105 tetra,
539 1060 698 1106 inculta,
726 1060 837 1096 foeda
862 1064 979 1108 atque
1004 1059 1252 1095 formidolosa
1277 1058 1341 1095 ha-

155 1123 254 1161 bere.
316 1123 455 1171 Itaque
484 1123 636 1159 censuit
666 1123 883 1172 “pecunias
911 1135 1044 1158 eorum
1073 1121 1336 1170 publicandas,

153 1186 255 1235 ipsos
275 1199 344 1235 per
369 1187 580 1236 municipia
606 1187 648 1223 in
674 1187 859 1223 custodiis
884 1186 1128 1232 habendos;”
1157 1186 1340 1223 videlicet

155 1249 307 1295 timens,
329 1263 387 1296 ne,
410 1250 443 1286 si
463 1250 611 1287 Romae
630 1251 720 1296 sint,
748 1254 818 1287 aut
842 1264 864 1287 a
889 1251 1141 1299 popularibus
1167 1250 1339 1298 conjura-

153 1313 270 1349 tionis
289 1318 358 1350 aut
377 1327 399 1349 a
417 1314 671 1350 multitudine
690 1314 891 1360 conducta,
912 1327 980 1362 per
1000 1314 1080 1349 vim
1107 1313 1334 1362 eripiantur.

154 1377 275 1421 Quasi
293 1390 384 1414 vero
404 1378 496 1413 mali
516 1383 632 1427 atque
651 1379 801 1415 scelesti
820 1378 1091 1414 tantummodo
1110 1378 1152 1414 in
1171 1378 1277 1422 urbe,
1298 1383 1337 1415 et

152 1454 227 1477 non
257 1454 326 1489 per
353 1446 476 1478 totam
505 1442 663 1478 Italiam
691 1443 770 1478 sint
784 1456 794 1489 3
821 1446 891 1478 aut
916 1455 995 1478 non
1019 1442 1074 1477 ibi
1100 1442 1188 1490 plus
1214 1442 1336 1490 possit

151 1505 319 1551 audacia,
358 1506 426 1542 ubi
464 1506 513 1542 acl
555 1507 839 1542 defendendum
884 1518 973 1554 opes
1017 1505 1185 1541 minores
1228 1512 1331 1543 sunt.

151 1569 279 1614 Quare
298 1583 442 1607 vanum
462 1571 641 1620 equidem
660 1571 731 1607 hoc
751 1570 953 1607 consilium
974 1574 1042 1617 est,
1064 1570 1098 1606 si
1119 1569 1334 1618 periculum

149 1648 196 1671 ex
214 1636 293 1672 illis
312 1637 474 1673 metuit:
502 1637 561 1673 sin
584 1637 627 1672 in
651 1639 763 1673 tanto
790 1636 963 1672 omnium
989 1640 1095 1671 metu
1122 1635 1226 1672 solus
1254 1648 1334 1671 non

148 1700 272 1746 timet,
303 1713 347 1737 eo
374 1701 496 1749 magis
524 1701 643 1737 refert
672 1713 732 1737 me
764 1700 862 1736 mihi
891 1704 1008 1749 atque
1038 1700 1147 1736 vobis
1180 1699 1328 1736 timere.

149 1762 286 1809 Quare,
314 1775 434 1811 quum
460 1763 507 1799 de
535 1764 579 1800 P.
608 1763 776 1799 Lentulo
802 1763 1015 1811 ceterisque
1041 1762 1234 1808 statuetis,
1262 1775 1332 1811 pro

147 1831 251 1863 certo
276 1827 467 1874 habetote,
495 1841 563 1865 vos
589 1828 705 1864 simul
730 1829 777 1865 de
801 1828 973 1864 exercitu
1001 1827 1193 1864 Catilinae
1218 1831 1257 1863 et
1283 1826 1331 1863 de

146 1890 324 1926 omnibus
349 1891 562 1939 conjuratis
590 1892 802 1942 decernere.
862 1891 1017 1935 Quanto
1043 1903 1111 1926 vos
1139 1890 1330 1926 attentius

144 1967 190 1990 ea
217 1954 348 2002 agetiS‚
378 1958 489 1990 tanto
517 1954 596 1991 illis
623 1955 776 1990 animus
805 1954 995 1990 infirmior
1023 1954 1123 1990 erit:
1161 1955 1194 1990 si
1222 1954 1329 2002 paul-

143 2019 266 2055 lulum
287 2019 400 2055 modo
419 2032 487 2055 vos
507 2019 689 2067 languere
712 2019 895 2065 viderint,
917 2019 1001 2068 jam
1027 2031 1159 2055 omnes
1184 2018 1328 2055 feroces

142 2081 319 2119 aderunt.
386 2081 522 2118 Nolite
553 2082 786 2129 existimare,
822 2082 986 2130 majores
1022 2086 1173 2118 nostros
1210 2082 1328 2118 armis

141 2146 418 2195 rempublicam
451 2159 500 2182 ex
529 2159 650 2195 parva
682 2159 861 2195 magnam
891 2146 1036 2184 fecisse.
1105 2145 1148 2183 Si
1178 2146 1236 2182 ita
1265 2159 1326 2183 res

141 2212 251 2256 esset,
268 2208 392 2246 multo
407 2209 704 2259 pulcherrimam
724 2221 808 2245 eam
822 2222 892 2245 nos
907 2209 1134 2246 haberemus
1142 2221 1155 2257 3
1182 2208 1326 2257 quippe
