1502 2449
426 115 456 153 S
455 116 485 151 A
492 115 556 151 LL
566 115 690 153 ΕΒΓ]
689 116 718 152 I
751 115 813 154 CA
822 116 845 152 1
848 115 881 151 ‘I
879 116 910 152 L
915 116 941 152 I
940 116 1024 154 NA.
1295 118 1317 153 3

142 214 252 260 deris,
284 213 555 250 malevolentia
587 218 626 249 et
658 213 808 250 invidia
836 214 938 250 dieta
965 217 1106 262 putant
1121 225 1132 259 3
1171 213 1238 249 ubi
1271 212 1318 249 de

142 291 281 327 magna
305 279 451 314 virtute
476 283 515 314 ct
539 278 662 326 gloria
685 279 872 315 bonorum
899 291 1094 323 memores,
1124 291 1221 326 quac
1244 277 1317 313 sibi

141 344 303 393 quisque
317 343 443 379 facilia
458 343 563 379 factu
583 347 707 391 putat,
724 356 844 392 aequo
864 343 993 379 animo
1012 342 1176 390 accipit,
1202 354 1316 390 supra

142 422 195 454 ea,
225 408 348 444 veluti
376 408 474 453 ficta,
505 421 574 456 pro
601 408 710 444 falsis
736 408 852 444 ducit.
911 407 986 444 Sed
1011 419 1080 455 ego
1103 406 1316 442 adolescen-

130 473 248 509 'tulus
280 473 404 518 initio,
437 473 550 508 sicuti
583 473 765 521 plerique,
799 473 927 509 studio
960 473 1008 509 ad
1042 471 1315 520 rempublicam

142 539 244 574 latus
271 551 378 584 sum,
407 539 537 587 ibique
566 539 662 574 mihi
694 539 853 574 adversa
885 539 1009 574 multa
1041 538 1156 574 fuere.
1213 537 1253 573 N
1257 550 1315 572 am

142 616 211 652 pro
230 603 383 652 pudore,
412 616 479 651 pro
502 603 747 649 abstinentia,
774 616 842 652 pro
870 604 1028 650 virtute,
1051 603 1219 650 audacia,
1247 603 1318 639 lar-

141 668 248 717 gitio,
270 669 436 704 avaritia
456 669 648 717 vigebant.
707 669 814 713 Quae
833 668 991 705 tametsi
1016 669 1169 704 animus
1194 681 1319 717 asper-

142 734 317 779 nabatur,
345 734 513 769 insolens
539 733 726 769 malarum
750 733 904 778 artium,
927 738 1058 769 tamen
1083 733 1187 769 inter
1208 737 1319 769 tanta

144 798 239 834 vitia
257 799 449 835 imbecilla
467 803 571 835 aetas
591 799 800 834 ambitione
820 802 1000 846 corrupta
1018 798 1224 834 tenebatur
1235 811 1246 845 3
1275 811 1318 833 ac

143 876 213 908 me,
249 876 336 899 cum
365 864 413 899 ab
445 863 681 911 reliquorum
714 863 825 898 malis
858 863 1030 898 moribus
1062 863 1316 907 dissentirem,

144 927 264 963 nihilo
284 928 411 964 minus
431 927 586 964 honoris
612 928 749 975 cupido
776 927 917 973 eadem,
940 940 1016 976 qua
1041 932 1196 973 ceteros,
1218 928 1320 963 sama

143 997 258 1041 atque
276 992 426 1028 invidia
444 993 618 1028 vexabat.

221 1057 295 1095 IV.
353 1058 492 1106 Igitur,
523 1058 591 1093 ubi
619 1058 771 1093 animus
797 1070 845 1093 ex
865 1057 998 1093 multis
1021 1056 1184 1093 miseriis
1203 1061 1319 1105 atque

143 1123 322 1171 periculis
341 1123 541 1172 requievit,
564 1129 602 1159 et
624 1123 719 1158 mihi
738 1123 926 1171 reliquam
949 1127 1116 1158 aetatem
1141 1136 1164 1158 a
1186 1122 1320 1171 repub-

143 1188 215 1224 lica
239 1188 372 1236 procul
397 1189 612 1224 habendam
638 1189 799 1234 decrevi,
828 1201 907 1224 non
931 1188 1008 1224 fuit
1033 1187 1237 1224 consilium
1266 1199 1320 1223 so*

142 1252 270 1288 cordia
302 1257 418 1302 atque
451 1253 597 1289 desidia
629 1253 774 1289 bonum
807 1253 930 1288 otium
958 1257 1164 1298 conterere,
1195 1264 1319 1299 neque

142 1330 232 1353 vero
264 1330 398 1366 agrum
432 1315 590 1354 colendo
623 1322 691 1354 aut
724 1318 911 1364 venando,
943 1317 1147 1354 servilibus
1174 1317 1316 1361 officiis,

142 1383 338 1419 intentum
363 1387 531 1420 aetatem
552 1396 662 1432 agere
674 1397 684 1430 3
706 1383 770 1419 sed
791 1397 813 1419 a
832 1397 907 1432 quo
928 1383 1080 1431 incepto
1105 1382 1235 1419 studio
1259 1395 1320 1418 me

141 1448 302 1484 ambitio
329 1449 432 1484 mala
461 1448 693 1494 detinuerat,
722 1448 855 1485 eodem
885 1461 1078 1496 regressus
1107 1447 1228 1484 statui
1260 1459 1320 1482 res

141 1517 269 1562 gestas
293 1514 426 1562 populi
453 1513 621 1550 Romani
651 1515 825 1563 carptim,
856 1518 900 1550 ut
930 1527 1103 1562 quaeque
1135 1512 1320 1549 memoria

142 1578 258 1626 digna
276 1578 519 1624 videbantur,
542 1579 775 1627 perscribere
788 1592 798 1625 3
828 1591 872 1615 eo
895 1579 1027 1627 magis,
1049 1578 1151 1627 quod
1178 1577 1273 1613 mihi
1299 1591 1320 1613 a

142 1655 218 1691 spe,
236 1647 352 1688 metu,
376 1643 550 1691 partibus
569 1644 801 1692 reipublicae
820 1644 972 1680 animus
992 1644 1089 1680 liber
1104 1641 1234 1696 ffl'Q'
1246 1643 1320 1691 Igi=

142 1713 208 1743 tur
227 1707 274 1744 de
294 1708 485 1744 Catilinae
511 1708 786 1757 conjuratione,
809 1721 925 1757 quam
951 1708 1149 1744 verissime
1174 1712 1318 1756 potero,-

92 1795 95 1797 >
141 1771 272 1820 paucis
297 1772 512 1809 absolvam:
542 1786 631 1809 nam
652 1773 691 1809 id
711 1773 860 1809 facinus
880 1774 920 1809 in
939 1773 1075 1821 primis
1094 1785 1162 1821 ego
1181 1785 1321 1808 memo-

112 1847 125 1855 ·*
143 1825 263 1872 rzibile
293 1836 473 1873 existimo
502 1838 654 1874 sceleris
683 1842 800 1886 atque
830 1838 990 1887 periculi
1019 1838 1202 1874 novitate.
1260 1837 1320 1873 De

141 1901 249 1949 cujus
280 1900 447 1938 hominis
475 1902 646 1938 moribus
673 1915 794 1950 pauca
822 1903 929 1951 prius
957 1902 1201 1951 explananda
1227 1909 1320 1939 sunt

140 1978 256 2014 quam
276 1965 434 2001 initium
453 1966 638 2002 narrandi
657 1967 805 2003 faciam.

218 2029 268 2067 V.
328 2030 471 2067 Lucius
515 2030 684 2067 Catilina
727 2031 849 2068 nobili
891 2045 1029 2080 genere
1071 2036 1198 2078 natus,
1244 2032 1320 2068 fuit

140 2107 280 2143 magna
298 2096 338 2131 vi
357 2100 397 2131 et
422 2096 543 2132 animi
568 2101 608 2133 et
633 2097 812 2145 corporis,
841 2098 906 2133 sed
931 2097 1086 2146 ingenio
1113 2098 1214 2134 malo
1238 2111 1320 2146 pra-

91 2151 93 2153 *
141 2171 273 2209 voque.
332 2160 440 2196 Huic
466 2161 514 2196 ab
540 2161 799 2198 adolescentia
825 2162 927 2198 bella
950 2162 1147 2208 intestina,
1174 2163 1317 2208 caedes,

141 2223 306 2273 rapinae,
341 2225 532 2262 discordia
564 2226 688 2262 civilis
716 2231 826 2275 grata
860 2227 989 2275 fuere3
1026 2227 1158 2276 ibique
1185 2228 1320 2276 juven-

1115 2304 1215 2341 1—2
