<?xml version="1.0" encoding="UTF-8"?>
<!DOCTYPE html PUBLIC "-//W3C//DTD XHTML 1.0 Transitional//EN"
    "http://www.w3.org/TR/xhtml1/DTD/xhtml1-transitional.dtd">
<html xmlns="http://www.w3.org/1999/xhtml" xml:lang="en" lang="en">
 <head>
  <title>
</title>
<meta http-equiv="Content-Type" content="text/html;charset=utf-8" />
  <meta name='ocr-system' content='tesseract 3.04.00' />
  <meta name='ocr-capabilities' content='ocr_page ocr_carea ocr_par ocr_line ocrx_word'/>
</head>
<body>
  <div class='ocr_page' id='page_1' title='image "./catilinaetjugurt00salluoft_0239.png"; bbox 0 0 1543 2449; ppageno 0'>
   <div class='ocr_carea' id='block_1_1' title="bbox 428 88 1329 130">
    <p class='ocr_par' dir='ltr' id='par_1_1' title="bbox 428 88 1329 130">
     <span class='ocr_line' id='line_1_1' title="bbox 428 88 1329 130; baseline 0.002 -4"><span class='ocrx_word' id='word_1_1' title='bbox 428 89 562 127; x_wconf 71' lang='lat' dir='ltr'><em>SALL</em></span> <span class='ocrx_word' id='word_1_2' title='bbox 571 88 721 126; x_wconf 74' lang='lat' dir='ltr'><em>USTJI</em></span> <span class='ocrx_word' id='word_1_3' title='bbox 755 88 1064 126; x_wconf 72' lang='lat' dir='ltr'><em>JUGURTHA.</em></span> <span class='ocrx_word' id='word_1_4' title='bbox 1281 90 1329 130; x_wconf 84' lang='lat'>79</span> 
     </span>
    </p>
   </div>
   <div class='ocr_carea' id='block_1_2' title="bbox 146 174 1334 2203">
    <p class='ocr_par' dir='ltr' id='par_1_2' title="bbox 146 174 1334 1753">
     <span class='ocr_line' id='line_1_2' title="bbox 153 174 1331 223; baseline 0.002 -12"><span class='ocrx_word' id='word_1_5' title='bbox 153 174 301 212; x_wconf 81' lang='lat' dir='ltr'><strong>addere.</strong></span> <span class='ocrx_word' id='word_1_6' title='bbox 360 174 489 223; x_wconf 81' lang='lat' dir='ltr'>Igitur</span> <span class='ocrx_word' id='word_1_7' title='bbox 520 174 588 211; x_wconf 88' lang='lat' dir='ltr'>diu</span> <span class='ocrx_word' id='word_1_8' title='bbox 624 175 868 223; x_wconf 86' lang='lat' dir='ltr'>multumque</span> <span class='ocrx_word' id='word_1_9' title='bbox 904 174 1059 223; x_wconf 80' lang='lat' dir='ltr'>fatigati</span> <span class='ocrx_word' id='word_1_10' title='bbox 1095 174 1252 212; x_wconf 86' lang='lat' dir='ltr'>tandem</span> <span class='ocrx_word' id='word_1_11' title='bbox 1289 177 1331 213; x_wconf 91' lang='lat' dir='ltr'>in</span> 
     </span>
     <span class='ocr_line' id='line_1_3' title="bbox 153 238 1330 288; baseline 0.001 -13"><span class='ocrx_word' id='word_1_12' title='bbox 153 238 352 275; x_wconf 86' lang='lat' dir='ltr'>castellum</span> <span class='ocrx_word' id='word_1_13' title='bbox 387 238 633 287; x_wconf 86' lang='lat' dir='ltr'>perveniunt,</span> <span class='ocrx_word' id='word_1_14' title='bbox 671 238 865 274; x_wconf 87' lang='lat' dir='ltr'>desertum</span> <span class='ocrx_word' id='word_1_15' title='bbox 903 238 951 274; x_wconf 88' lang='lat' dir='ltr'>ab</span> <span class='ocrx_word' id='word_1_16' title='bbox 988 251 1033 274; x_wconf 88' lang='lat' dir='ltr'>ea</span> <span class='ocrx_word' id='word_1_17' title='bbox 1068 242 1190 287; x_wconf 84' lang='lat' dir='ltr'>parte,</span> <span class='ocrx_word' id='word_1_18' title='bbox 1228 240 1330 288; x_wconf 90' lang='lat' dir='ltr'>quod</span> 
     </span>
     <span class='ocr_line' id='line_1_4' title="bbox 152 302 1327 348; baseline 0.001 -10"><span class='ocrx_word' id='word_1_19' title='bbox 152 314 294 348; x_wconf 86' lang='lat' dir='ltr'>omnes,</span> <span class='ocrx_word' id='word_1_20' title='bbox 324 302 439 338; x_wconf 88' lang='lat' dir='ltr'>sicuti</span> <span class='ocrx_word' id='word_1_21' title='bbox 468 302 554 338; x_wconf 83' lang='lat' dir='ltr'>aliis</span> <span class='ocrx_word' id='word_1_22' title='bbox 582 302 729 347; x_wconf 81' lang='lat' dir='ltr'>diebus,</span> <span class='ocrx_word' id='word_1_23' title='bbox 760 302 964 338; x_wconf 88' lang='lat' dir='ltr'>adversum</span> <span class='ocrx_word' id='word_1_24' title='bbox 995 302 1124 338; x_wconf 86' lang='lat' dir='ltr'>hostes</span> <span class='ocrx_word' id='word_1_25' title='bbox 1156 303 1327 340; x_wconf 87' lang='lat' dir='ltr'>aderant.</span> 
     </span>
     <span class='ocr_line' id='line_1_5' title="bbox 152 365 1329 415; baseline 0 -13"><span class='ocrx_word' id='word_1_26' title='bbox 152 366 315 411; x_wconf 88' lang='lat' dir='ltr'>Marius,</span> <span class='ocrx_word' id='word_1_27' title='bbox 344 366 411 402; x_wconf 89' lang='lat' dir='ltr'>ubi</span> <span class='ocrx_word' id='word_1_28' title='bbox 443 379 491 402; x_wconf 82' lang='lat' dir='ltr'>ex</span> <span class='ocrx_word' id='word_1_29' title='bbox 520 366 673 402; x_wconf 87' lang='lat' dir='ltr'>nunciis</span> <span class='ocrx_word' id='word_1_30' title='bbox 701 379 798 414; x_wconf 84' lang='lat' dir='ltr'>quae</span> <span class='ocrx_word' id='word_1_31' title='bbox 831 365 952 414; x_wconf 82' lang='lat' dir='ltr'>Ligus</span> <span class='ocrx_word' id='word_1_32' title='bbox 980 370 1111 414; x_wconf 84' lang='lat' dir='ltr'>egerat</span> <span class='ocrx_word' id='word_1_33' title='bbox 1138 367 1329 415; x_wconf 85' lang='lat' dir='ltr'>cognovit,</span> 
     </span>
     <span class='ocr_line' id='line_1_6' title="bbox 152 429 1332 479; baseline 0 -13"><span class='ocrx_word' id='word_1_34' title='bbox 152 443 384 479; x_wconf 89' lang='lat' dir='ltr'>quamquam</span> <span class='ocrx_word' id='word_1_35' title='bbox 421 433 503 465; x_wconf 88' lang='lat' dir='ltr'>toto</span> <span class='ocrx_word' id='word_1_36' title='bbox 540 429 602 465; x_wconf 89' lang='lat' dir='ltr'>die</span> <span class='ocrx_word' id='word_1_37' title='bbox 639 430 810 465; x_wconf 85' lang='lat' dir='ltr'>intentos</span> <span class='ocrx_word' id='word_1_38' title='bbox 847 429 992 478; x_wconf 89' lang='lat' dir='ltr'>proelio</span> <span class='ocrx_word' id='word_1_39' title='bbox 1032 430 1226 466; x_wconf 77' lang='lat' dir='ltr'><strong>Numidas</strong></span> <span class='ocrx_word' id='word_1_40' title='bbox 1267 430 1332 466; x_wconf 87' lang='lat' dir='ltr'>ha-</span> 
     </span>
     <span class='ocr_line' id='line_1_7' title="bbox 146 479 1332 542; baseline 0.001 -14"><span class='ocrx_word' id='word_1_41' title='bbox 146 479 300 538; x_wconf 83' lang='lat' dir='ltr'>buerat,</span> <span class='ocrx_word' id='word_1_42' title='bbox 334 496 417 528; x_wconf 89' lang='lat' dir='ltr'>tum</span> <span class='ocrx_word' id='word_1_43' title='bbox 455 505 546 528; x_wconf 89' lang='lat' dir='ltr'>vero</span> <span class='ocrx_word' id='word_1_44' title='bbox 584 493 808 528; x_wconf 71' lang='lat' dir='ltr'><strong>cohortatus</strong></span> <span class='ocrx_word' id='word_1_45' title='bbox 845 493 988 529; x_wconf 78' lang='lat' dir='ltr'>milites</span> <span class='ocrx_word' id='word_1_46' title='bbox 1026 496 1066 529; x_wconf 90' lang='lat' dir='ltr'>et</span> <span class='ocrx_word' id='word_1_47' title='bbox 1101 493 1182 542; x_wconf 87' lang='lat' dir='ltr'>ipse</span> <span class='ocrx_word' id='word_1_48' title='bbox 1220 496 1332 529; x_wconf 76' lang='lat' dir='ltr'>extra</span> 
     </span>
     <span class='ocr_line' id='line_1_8' title="bbox 151 556 1331 604; baseline 0.001 -13"><span class='ocrx_word' id='word_1_49' title='bbox 151 556 285 592; x_wconf 87' lang='lat' dir='ltr'>vineas</span> <span class='ocrx_word' id='word_1_50' title='bbox 321 569 505 604; x_wconf 75' lang='lat' dir='ltr'>egressus,</span> <span class='ocrx_word' id='word_1_51' title='bbox 539 556 736 592; x_wconf 84' lang='lat' dir='ltr'>testudine</span> <span class='ocrx_word' id='word_1_52' title='bbox 769 560 856 592; x_wconf 85' lang='lat' dir='ltr'>acta</span> <span class='ocrx_word' id='word_1_53' title='bbox 892 556 1106 602; x_wconf 74' lang='lat' dir='ltr'>succedere,</span> <span class='ocrx_word' id='word_1_54' title='bbox 1140 561 1180 592; x_wconf 89' lang='lat' dir='ltr'>et</span> <span class='ocrx_word' id='word_1_55' title='bbox 1215 557 1331 593; x_wconf 88' lang='lat' dir='ltr'>simul</span> 
     </span>
     <span class='ocr_line' id='line_1_9' title="bbox 151 620 1332 668; baseline 0 -12"><span class='ocrx_word' id='word_1_56' title='bbox 151 620 300 656; x_wconf 89' lang='lat' dir='ltr'>hostem</span> <span class='ocrx_word' id='word_1_57' title='bbox 329 620 532 656; x_wconf 87' lang='lat' dir='ltr'>tormentis</span> <span class='ocrx_word' id='word_1_58' title='bbox 562 620 848 668; x_wconf 68' lang='lat' dir='ltr'>sagittariisque</span> <span class='ocrx_word' id='word_1_59' title='bbox 881 624 921 656; x_wconf 88' lang='lat' dir='ltr'>et</span> <span class='ocrx_word' id='word_1_60' title='bbox 948 620 1213 657; x_wconf 81' lang='lat' dir='ltr'>funditoribus</span> <span class='ocrx_word' id='word_1_61' title='bbox 1242 620 1332 657; x_wconf 88' lang='lat' dir='ltr'>emi-</span> 
     </span>
     <span class='ocr_line' id='line_1_10' title="bbox 151 684 1332 732; baseline 0 -12"><span class='ocrx_word' id='word_1_62' title='bbox 151 696 225 720; x_wconf 89' lang='lat' dir='ltr'>nus</span> <span class='ocrx_word' id='word_1_63' title='bbox 243 688 397 720; x_wconf 90' lang='lat' dir='ltr'>terrere.</span> <span class='ocrx_word' id='word_1_64' title='bbox 455 684 515 720; x_wconf 84' lang='lat' dir='ltr'>At</span> <span class='ocrx_word' id='word_1_65' title='bbox 542 684 738 720; x_wconf 78' lang='lat' dir='ltr'>Numidae</span> <span class='ocrx_word' id='word_1_66' title='bbox 765 697 877 732; x_wconf 83' lang='lat' dir='ltr'>saepe</span> <span class='ocrx_word' id='word_1_67' title='bbox 902 688 1018 720; x_wconf 83' lang='lat' dir='ltr'>antea</span> <span class='ocrx_word' id='word_1_68' title='bbox 1041 684 1166 720; x_wconf 87' lang='lat' dir='ltr'>vineis</span> <span class='ocrx_word' id='word_1_69' title='bbox 1192 684 1332 720; x_wconf 84' lang='lat' dir='ltr'>Roma-</span> 
     </span>
     <span class='ocr_line' id='line_1_11' title="bbox 151 748 1332 793; baseline -0.001 -9"><span class='ocrx_word' id='word_1_70' title='bbox 151 761 289 784; x_wconf 88' lang='lat' dir='ltr'>norum</span> <span class='ocrx_word' id='word_1_71' title='bbox 309 748 514 793; x_wconf 74' lang='lat' dir='ltr'>subversis,</span> <span class='ocrx_word' id='word_1_72' title='bbox 535 748 629 784; x_wconf 86' lang='lat' dir='ltr'>item</span> <span class='ocrx_word' id='word_1_73' title='bbox 655 748 833 793; x_wconf 80' lang='lat' dir='ltr'>incensis,</span> <span class='ocrx_word' id='word_1_74' title='bbox 854 761 932 784; x_wconf 88' lang='lat' dir='ltr'>non</span> <span class='ocrx_word' id='word_1_75' title='bbox 958 748 1107 784; x_wconf 76' lang='lat' dir='ltr'>castelli</span> <span class='ocrx_word' id='word_1_76' title='bbox 1130 748 1332 784; x_wconf 89' lang='lat' dir='ltr'>moenibus</span> 
     </span>
     <span class='ocr_line' id='line_1_12' title="bbox 152 811 1331 860; baseline 0.001 -13"><span class='ocrx_word' id='word_1_77' title='bbox 152 824 232 848; x_wconf 88' lang='lat' dir='ltr'>sese</span> <span class='ocrx_word' id='word_1_78' title='bbox 257 812 501 857; x_wconf 86' lang='lat' dir='ltr'>tutabantur,</span> <span class='ocrx_word' id='word_1_79' title='bbox 523 811 589 847; x_wconf 89' lang='lat' dir='ltr'>sed</span> <span class='ocrx_word' id='word_1_80' title='bbox 614 824 684 860; x_wconf 88' lang='lat' dir='ltr'>pro</span> <span class='ocrx_word' id='word_1_81' title='bbox 702 824 813 847; x_wconf 84' lang='lat' dir='ltr'>muro</span> <span class='ocrx_word' id='word_1_82' title='bbox 834 812 914 847; x_wconf 90' lang='lat' dir='ltr'>dies</span> <span class='ocrx_word' id='word_1_83' title='bbox 933 816 1141 860; x_wconf 89' lang='lat' dir='ltr'>noctesque</span> <span class='ocrx_word' id='word_1_84' title='bbox 1161 811 1331 860; x_wconf 81' lang='lat' dir='ltr'>agitare3</span> 
     </span>
     <span class='ocr_line' id='line_1_13' title="bbox 151 875 1331 923; baseline 0.001 -12"><span class='ocrx_word' id='word_1_85' title='bbox 151 876 378 912; x_wconf 81' lang='lat' dir='ltr'>maledicere</span> <span class='ocrx_word' id='word_1_86' title='bbox 409 876 608 921; x_wconf 83' lang='lat' dir='ltr'>Romanis,</span> <span class='ocrx_word' id='word_1_87' title='bbox 637 875 840 913; x_wconf 83' lang='lat' dir='ltr'>ac,Mario</span> <span class='ocrx_word' id='word_1_88' title='bbox 869 875 1087 911; x_wconf 77' lang='lat' dir='ltr'>vecordiam</span> <span class='ocrx_word' id='word_1_89' title='bbox 1115 875 1331 923; x_wconf 83' lang='lat' dir='ltr'>objectare;</span> 
     </span>
     <span class='ocr_line' id='line_1_14' title="bbox 151 939 1333 987; baseline 0.001 -12"><span class='ocrx_word' id='word_1_90' title='bbox 151 940 340 976; x_wconf 73' lang='lat' dir='ltr'>militibus</span> <span class='ocrx_word' id='word_1_91' title='bbox 358 940 500 975; x_wconf 86' lang='lat' dir='ltr'>nostris</span> <span class='ocrx_word' id='word_1_92' title='bbox 515 939 735 987; x_wconf 82' lang='lat' dir='ltr'>Jugurthae</span> <span class='ocrx_word' id='word_1_93' title='bbox 754 939 957 975; x_wconf 88' lang='lat' dir='ltr'>servitium</span> <span class='ocrx_word' id='word_1_94' title='bbox 976 939 1134 985; x_wconf 69' lang='lat' dir='ltr'>minari,</span> <span class='ocrx_word' id='word_1_95' title='bbox 1154 940 1333 976; x_wconf 87' lang='lat' dir='ltr'>secundis</span> 
     </span>
     <span class='ocr_line' id='line_1_15' title="bbox 151 1003 1333 1048; baseline 0 -8"><span class='ocrx_word' id='word_1_96' title='bbox 151 1004 265 1040; x_wconf 90' lang='lat' dir='ltr'>rebus</span> <span class='ocrx_word' id='word_1_97' title='bbox 297 1003 442 1040; x_wconf 84' lang='lat' dir='ltr'>feroces</span> <span class='ocrx_word' id='word_1_98' title='bbox 469 1016 559 1039; x_wconf 89' lang='lat' dir='ltr'>esse.</span> <span class='ocrx_word' id='word_1_99' title='bbox 619 1003 784 1040; x_wconf 75' lang='lat' dir='ltr'>Interim</span> <span class='ocrx_word' id='word_1_100' title='bbox 813 1003 1003 1048; x_wconf 81' lang='lat' dir='ltr'>omnibus,</span> <span class='ocrx_word' id='word_1_101' title='bbox 1034 1003 1223 1039; x_wconf 85' lang='lat' dir='ltr'>Romanis</span> <span class='ocrx_word' id='word_1_102' title='bbox 1250 1003 1333 1040; x_wconf 86' lang='lat' dir='ltr'>hos-</span> 
     </span>
     <span class='ocr_line' id='line_1_16' title="bbox 152 1067 1332 1116; baseline -0.001 -12"><span class='ocrx_word' id='word_1_103' title='bbox 152 1069 342 1116; x_wconf 86' lang='lat' dir='ltr'>tibusque,</span> <span class='ocrx_word' id='word_1_104' title='bbox 380 1068 525 1116; x_wconf 87' lang='lat' dir='ltr'>proelio</span> <span class='ocrx_word' id='word_1_105' title='bbox 562 1067 736 1112; x_wconf 86' lang='lat' dir='ltr'>intentis,</span> <span class='ocrx_word' id='word_1_106' title='bbox 775 1080 915 1115; x_wconf 79' lang='lat' dir='ltr'>magna</span> <span class='ocrx_word' id='word_1_107' title='bbox 952 1067 1149 1116; x_wconf 77' lang='lat' dir='ltr'>utrimque</span> <span class='ocrx_word' id='word_1_108' title='bbox 1185 1067 1226 1103; x_wconf 83' lang='lat' dir='ltr'>vi</span> <span class='ocrx_word' id='word_1_109' title='bbox 1262 1080 1332 1116; x_wconf 89' lang='lat' dir='ltr'>pro</span> 
     </span>
     <span class='ocr_line' id='line_1_17' title="bbox 151 1131 1331 1181; baseline -0.001 -13"><span class='ocrx_word' id='word_1_110' title='bbox 151 1132 272 1181; x_wconf 84' lang='lat' dir='ltr'>gloria</span> <span class='ocrx_word' id='word_1_111' title='bbox 299 1136 415 1180; x_wconf 89' lang='lat' dir='ltr'>atque</span> <span class='ocrx_word' id='word_1_112' title='bbox 443 1132 604 1180; x_wconf 85' lang='lat' dir='ltr'>imperio</span> <span class='ocrx_word' id='word_1_113' title='bbox 631 1131 703 1177; x_wconf 88' lang='lat' dir='ltr'>his,</span> <span class='ocrx_word' id='word_1_114' title='bbox 724 1132 801 1167; x_wconf 92' lang='lat' dir='ltr'>illis</span> <span class='ocrx_word' id='word_1_115' title='bbox 829 1144 898 1180; x_wconf 88' lang='lat' dir='ltr'>pro</span> <span class='ocrx_word' id='word_1_116' title='bbox 926 1132 1052 1168; x_wconf 85' lang='lat' dir='ltr'>salute</span> <span class='ocrx_word' id='word_1_117' title='bbox 1079 1131 1331 1177; x_wconf 81' lang='lat' dir='ltr'>certantibus,</span> 
     </span>
     <span class='ocr_line' id='line_1_18' title="bbox 151 1195 1334 1244; baseline 0.001 -13"><span class='ocrx_word' id='word_1_118' title='bbox 151 1200 308 1244; x_wconf 89' lang='lat' dir='ltr'>repente</span> <span class='ocrx_word' id='word_1_119' title='bbox 336 1209 359 1231; x_wconf 92' lang='lat' dir='ltr'>a</span> <span class='ocrx_word' id='word_1_120' title='bbox 386 1199 494 1243; x_wconf 83' lang='lat' dir='ltr'>tergo</span> <span class='ocrx_word' id='word_1_121' title='bbox 522 1196 632 1244; x_wconf 80' lang='lat' dir='ltr'>signa</span> <span class='ocrx_word' id='word_1_122' title='bbox 660 1208 796 1231; x_wconf 91' lang='lat' dir='ltr'>canere</span> <span class='ocrx_word' id='word_1_123' title='bbox 810 1209 819 1242; x_wconf 78' lang='lat'><em>3</em></span> <span class='ocrx_word' id='word_1_124' title='bbox 856 1208 900 1231; x_wconf 86' lang='lat' dir='ltr'>ac</span> <span class='ocrx_word' id='word_1_125' title='bbox 932 1195 1057 1244; x_wconf 89' lang='lat' dir='ltr'>primo</span> <span class='ocrx_word' id='word_1_126' title='bbox 1085 1195 1266 1232; x_wconf 86' lang='lat' dir='ltr'>mulieres</span> <span class='ocrx_word' id='word_1_127' title='bbox 1293 1200 1334 1232; x_wconf 91' lang='lat' dir='ltr'>et</span> 
     </span>
     <span class='ocr_line' id='line_1_19' title="bbox 150 1259 1332 1308; baseline 0.001 -13"><span class='ocrx_word' id='word_1_128' title='bbox 150 1259 272 1308; x_wconf 90' lang='lat' dir='ltr'>pueri,</span> <span class='ocrx_word' id='word_1_129' title='bbox 310 1259 378 1308; x_wconf 88' lang='lat' dir='ltr'>qui</span> <span class='ocrx_word' id='word_1_130' title='bbox 413 1259 540 1295; x_wconf 89' lang='lat' dir='ltr'>visum</span> <span class='ocrx_word' id='word_1_131' title='bbox 577 1263 854 1307; x_wconf 86' lang='lat' dir='ltr'>processerant,</span> <span class='ocrx_word' id='word_1_132' title='bbox 893 1259 1049 1308; x_wconf 80' lang='lat' dir='ltr'>fugere3</span> <span class='ocrx_word' id='word_1_133' title='bbox 1095 1259 1236 1296; x_wconf 90' lang='lat' dir='ltr'>deinde</span> <span class='ocrx_word' id='word_1_134' title='bbox 1272 1259 1332 1296; x_wconf 84' lang='lat' dir='ltr'>uti</span> 
     </span>
     <span class='ocr_line' id='line_1_20' title="bbox 151 1323 1333 1372; baseline 0.001 -14"><span class='ocrx_word' id='word_1_135' title='bbox 151 1323 312 1372; x_wconf 90' lang='lat' dir='ltr'>quisque</span> <span class='ocrx_word' id='word_1_136' title='bbox 340 1335 451 1359; x_wconf 90' lang='lat' dir='ltr'>muro</span> <span class='ocrx_word' id='word_1_137' title='bbox 479 1323 679 1371; x_wconf 80' lang='lat' dir='ltr'>proximus</span> <span class='ocrx_word' id='word_1_138' title='bbox 699 1326 794 1368; x_wconf 86' lang='lat' dir='ltr'>erat,</span> <span class='ocrx_word' id='word_1_139' title='bbox 814 1327 1009 1371; x_wconf 86' lang='lat' dir='ltr'>postremo</span> <span class='ocrx_word' id='word_1_140' title='bbox 1029 1323 1171 1368; x_wconf 86' lang='lat' dir='ltr'>cuncti,</span> <span class='ocrx_word' id='word_1_141' title='bbox 1192 1323 1333 1359; x_wconf 84' lang='lat' dir='ltr'>armati</span> 
     </span>
     <span class='ocr_line' id='line_1_21' title="bbox 150 1386 1333 1434; baseline 0.001 -12"><span class='ocrx_word' id='word_1_142' title='bbox 150 1386 400 1434; x_wconf 84' lang='lat' dir='ltr'>inermesque.</span> <span class='ocrx_word' id='word_1_143' title='bbox 460 1386 572 1430; x_wconf 82' lang='lat' dir='ltr'>Quod</span> <span class='ocrx_word' id='word_1_144' title='bbox 598 1387 665 1422; x_wconf 87' lang='lat' dir='ltr'>ubi</span> <span class='ocrx_word' id='word_1_145' title='bbox 690 1387 842 1431; x_wconf 87' lang='lat' dir='ltr'>accidit,</span> <span class='ocrx_word' id='word_1_146' title='bbox 864 1400 908 1423; x_wconf 89' lang='lat' dir='ltr'>eo</span> <span class='ocrx_word' id='word_1_147' title='bbox 931 1387 1057 1423; x_wconf 89' lang='lat' dir='ltr'>acrius</span> <span class='ocrx_word' id='word_1_148' title='bbox 1084 1387 1254 1423; x_wconf 84' lang='lat' dir='ltr'>Romani</span> <span class='ocrx_word' id='word_1_149' title='bbox 1277 1387 1333 1424; x_wconf 87' lang='lat' dir='ltr'>in-</span> 
     </span>
     <span class='ocr_line' id='line_1_22' title="bbox 152 1449 1331 1499; baseline 0.003 -14"><span class='ocrx_word' id='word_1_150' title='bbox 152 1453 265 1495; x_wconf 87' lang='lat' dir='ltr'>stare,</span> <span class='ocrx_word' id='word_1_151' title='bbox 303 1449 466 1485; x_wconf 83' lang='lat' dir='ltr'>fundere</span> <span class='ocrx_word' id='word_1_152' title='bbox 503 1462 547 1485; x_wconf 90' lang='lat' dir='ltr'>ac</span> <span class='ocrx_word' id='word_1_153' title='bbox 588 1450 791 1499; x_wconf 89' lang='lat' dir='ltr'>plerosque</span> <span class='ocrx_word' id='word_1_154' title='bbox 834 1451 1104 1488; x_wconf 84' lang='lat' dir='ltr'>tantummodo</span> <span class='ocrx_word' id='word_1_155' title='bbox 1147 1452 1331 1497; x_wconf 81' lang='lat' dir='ltr'>sauciare,</span> 
     </span>
     <span class='ocr_line' id='line_1_23' title="bbox 151 1512 1331 1564; baseline 0.003 -16"><span class='ocrx_word' id='word_1_156' title='bbox 151 1512 242 1549; x_wconf 89' lang='lat' dir='ltr'>dein</span> <span class='ocrx_word' id='word_1_157' title='bbox 273 1525 388 1561; x_wconf 86' lang='lat' dir='ltr'>super</span> <span class='ocrx_word' id='word_1_158' title='bbox 425 1513 636 1549; x_wconf 88' lang='lat' dir='ltr'>occisorum</span> <span class='ocrx_word' id='word_1_159' title='bbox 670 1527 829 1562; x_wconf 89' lang='lat' dir='ltr'>corpora</span> <span class='ocrx_word' id='word_1_160' title='bbox 861 1515 1013 1561; x_wconf 81' lang='lat' dir='ltr'>vadere,</span> <span class='ocrx_word' id='word_1_161' title='bbox 1042 1516 1148 1552; x_wconf 83' lang='lat' dir='ltr'>avidi</span> <span class='ocrx_word' id='word_1_162' title='bbox 1176 1516 1331 1564; x_wconf 83' lang='lat' dir='ltr'>gloriae,</span> 
     </span>
     <span class='ocr_line' id='line_1_24' title="bbox 152 1579 1331 1627; baseline 0.003 -15"><span class='ocrx_word' id='word_1_163' title='bbox 152 1580 344 1612; x_wconf 84' lang='lat' dir='ltr'>certantes</span> <span class='ocrx_word' id='word_1_164' title='bbox 380 1589 534 1612; x_wconf 87' lang='lat' dir='ltr'>murum</span> <span class='ocrx_word' id='word_1_165' title='bbox 572 1581 715 1625; x_wconf 87' lang='lat' dir='ltr'>petere,</span> <span class='ocrx_word' id='word_1_166' title='bbox 744 1591 869 1627; x_wconf 86' lang='lat' dir='ltr'>neque</span> <span class='ocrx_word' id='word_1_167' title='bbox 897 1592 1128 1627; x_wconf 81' lang='lat' dir='ltr'>quemquam</span> <span class='ocrx_word' id='word_1_168' title='bbox 1159 1579 1331 1616; x_wconf 88' lang='lat' dir='ltr'>omnium</span> 
     </span>
     <span class='ocr_line' id='line_1_25' title="bbox 151 1640 1334 1694; baseline 0.003 -18"><span class='ocrx_word' id='word_1_169' title='bbox 151 1640 294 1694; x_wconf 85' lang='lat' dir='ltr'>praeda</span> <span class='ocrx_word' id='word_1_170' title='bbox 324 1641 474 1677; x_wconf 87' lang='lat' dir='ltr'>morari.</span> <span class='ocrx_word' id='word_1_171' title='bbox 534 1641 597 1677; x_wconf 89' lang='lat' dir='ltr'>Sic</span> <span class='ocrx_word' id='word_1_172' title='bbox 633 1641 735 1678; x_wconf 77' lang='lat' dir='ltr'>forte</span> <span class='ocrx_word' id='word_1_173' title='bbox 772 1647 942 1679; x_wconf 82' lang='lat' dir='ltr'>correcta</span> <span class='ocrx_word' id='word_1_174' title='bbox 979 1643 1098 1679; x_wconf 86' lang='lat' dir='ltr'>Marii</span> <span class='ocrx_word' id='word_1_175' title='bbox 1135 1643 1334 1680; x_wconf 85' lang='lat' dir='ltr'>temeritas</span> 
     </span>
     <span class='ocr_line' id='line_1_26' title="bbox 151 1704 719 1753; baseline 0.005 -14"><span class='ocrx_word' id='word_1_176' title='bbox 151 1704 311 1752; x_wconf 83' lang='lat' dir='ltr'>gloriam</span> <span class='ocrx_word' id='word_1_177' title='bbox 340 1717 389 1740; x_wconf 85' lang='lat' dir='ltr'>ex</span> <span class='ocrx_word' id='word_1_178' title='bbox 417 1705 530 1753; x_wconf 85' lang='lat' dir='ltr'>culpa</span> <span class='ocrx_word' id='word_1_179' title='bbox 558 1706 719 1742; x_wconf 82' lang='lat' dir='ltr'>invenit.</span> 
     </span>
    </p>

    <p class='ocr_par' dir='ltr' id='par_1_3' title="bbox 153 1767 1334 2203">
     <span class='ocr_line' id='line_1_27' title="bbox 231 1767 1334 1818; baseline 0.004 -15"><span class='ocrx_word' id='word_1_180' title='bbox 231 1767 356 1804; x_wconf 85' lang='lat' dir='ltr'>XCV.</span> <span class='ocrx_word' id='word_1_181' title='bbox 416 1768 597 1804; x_wconf 86' lang='lat' dir='ltr'>Ceterum</span> <span class='ocrx_word' id='word_1_182' title='bbox 635 1769 727 1805; x_wconf 88' lang='lat' dir='ltr'>dum</span> <span class='ocrx_word' id='word_1_183' title='bbox 765 1782 811 1805; x_wconf 82' lang='lat' dir='ltr'>ea</span> <span class='ocrx_word' id='word_1_184' title='bbox 847 1783 907 1806; x_wconf 90' lang='lat' dir='ltr'>res</span> <span class='ocrx_word' id='word_1_185' title='bbox 943 1771 1102 1818; x_wconf 78' lang='lat' dir='ltr'>geritur,</span> <span class='ocrx_word' id='word_1_186' title='bbox 1142 1770 1184 1806; x_wconf 89' lang='lat' dir='ltr'>L.</span> <span class='ocrx_word' id='word_1_187' title='bbox 1226 1770 1334 1807; x_wconf 90' lang='lat' dir='ltr'>Sulla</span> 
     </span>
     <span class='ocr_line' id='line_1_28' title="bbox 153 1833 1333 1884; baseline 0.005 -19"><span class='ocrx_word' id='word_1_188' title='bbox 153 1834 333 1879; x_wconf 88' lang='lat' dir='ltr'>quaestor</span> <span class='ocrx_word' id='word_1_189' title='bbox 361 1844 448 1867; x_wconf 90' lang='lat' dir='ltr'>cum</span> <span class='ocrx_word' id='word_1_190' title='bbox 475 1844 615 1880; x_wconf 84' lang='lat' dir='ltr'>magno</span> <span class='ocrx_word' id='word_1_191' title='bbox 643 1833 821 1881; x_wconf 84' lang='lat' dir='ltr'>equitatu</span> <span class='ocrx_word' id='word_1_192' title='bbox 849 1833 891 1869; x_wconf 91' lang='lat' dir='ltr'>in</span> <span class='ocrx_word' id='word_1_193' title='bbox 919 1838 1046 1870; x_wconf 87' lang='lat' dir='ltr'>castra</span> <span class='ocrx_word' id='word_1_194' title='bbox 1072 1834 1206 1881; x_wconf 80' lang='lat' dir='ltr'>venit3</span> <span class='ocrx_word' id='word_1_195' title='bbox 1238 1847 1333 1884; x_wconf 91' lang='lat' dir='ltr'>quos</span> 
     </span>
     <span class='ocr_line' id='line_1_29' title="bbox 154 1895 1328 1946; baseline 0.004 -16"><span class='ocrx_word' id='word_1_196' title='bbox 154 1895 213 1931; x_wconf 89' lang='lat' dir='ltr'>uti</span> <span class='ocrx_word' id='word_1_197' title='bbox 238 1907 287 1931; x_wconf 79' lang='lat' dir='ltr'>ex</span> <span class='ocrx_word' id='word_1_198' title='bbox 311 1895 425 1931; x_wconf 88' lang='lat' dir='ltr'>Latio</span> <span class='ocrx_word' id='word_1_199' title='bbox 451 1900 491 1932; x_wconf 93' lang='lat' dir='ltr'>et</span> <span class='ocrx_word' id='word_1_200' title='bbox 517 1909 540 1932; x_wconf 87' lang='lat' dir='ltr'>a</span> <span class='ocrx_word' id='word_1_201' title='bbox 565 1897 677 1933; x_wconf 88' lang='lat' dir='ltr'>sociis</span> <span class='ocrx_word' id='word_1_202' title='bbox 703 1902 855 1946; x_wconf 84' lang='lat' dir='ltr'>cogeret</span> <span class='ocrx_word' id='word_1_203' title='bbox 881 1898 1028 1934; x_wconf 81' lang='lat' dir='ltr'>Romae</span> <span class='ocrx_word' id='word_1_204' title='bbox 1054 1898 1212 1935; x_wconf 89' lang='lat' dir='ltr'>relictus</span> <span class='ocrx_word' id='word_1_205' title='bbox 1237 1904 1328 1935; x_wconf 87' lang='lat' dir='ltr'>erat.</span> 
     </span>
     <span class='ocr_line' id='line_1_30' title="bbox 155 1958 1331 2007; baseline 0.004 -13"><span class='ocrx_word' id='word_1_206' title='bbox 155 1958 241 2004; x_wconf 86' lang='lat' dir='ltr'>Sed,</span> <span class='ocrx_word' id='word_1_207' title='bbox 262 1959 443 2007; x_wconf 88' lang='lat' dir='ltr'>quoniam</span> <span class='ocrx_word' id='word_1_208' title='bbox 469 1960 571 1996; x_wconf 87' lang='lat' dir='ltr'>tanti</span> <span class='ocrx_word' id='word_1_209' title='bbox 590 1960 665 1996; x_wconf 88' lang='lat' dir='ltr'>viri</span> <span class='ocrx_word' id='word_1_210' title='bbox 690 1974 749 1997; x_wconf 91' lang='lat' dir='ltr'>res</span> <span class='ocrx_word' id='word_1_211' title='bbox 772 1961 985 2007; x_wconf 88' lang='lat' dir='ltr'>admonuit,</span> <span class='ocrx_word' id='word_1_212' title='bbox 1006 1962 1186 1998; x_wconf 90' lang='lat' dir='ltr'>idoneum</span> <span class='ocrx_word' id='word_1_213' title='bbox 1206 1963 1331 1999; x_wconf 88' lang='lat' dir='ltr'>visum</span> 
     </span>
     <span class='ocr_line' id='line_1_31' title="bbox 154 2022 1331 2075; baseline 0.004 -17"><span class='ocrx_word' id='word_1_214' title='bbox 154 2026 224 2068; x_wconf 87' lang='lat' dir='ltr'>est,</span> <span class='ocrx_word' id='word_1_215' title='bbox 240 2022 287 2058; x_wconf 88' lang='lat' dir='ltr'>de</span> <span class='ocrx_word' id='word_1_216' title='bbox 306 2026 447 2059; x_wconf 89' lang='lat' dir='ltr'>natura</span> <span class='ocrx_word' id='word_1_217' title='bbox 466 2023 650 2072; x_wconf 89' lang='lat' dir='ltr'>cultuque</span> <span class='ocrx_word' id='word_1_218' title='bbox 670 2025 752 2072; x_wconf 79' lang='lat' dir='ltr'>ejus</span> <span class='ocrx_word' id='word_1_219' title='bbox 771 2026 903 2073; x_wconf 88' lang='lat' dir='ltr'>paucis</span> <span class='ocrx_word' id='word_1_220' title='bbox 922 2025 1066 2073; x_wconf 82' lang='lat' dir='ltr'>dicere3</span> <span class='ocrx_word' id='word_1_221' title='bbox 1085 2039 1210 2075; x_wconf 81' lang='lat' dir='ltr'>neque</span> <span class='ocrx_word' id='word_1_222' title='bbox 1229 2027 1331 2063; x_wconf 90' lang='lat' dir='ltr'>enim</span> 
     </span>
     <span class='ocr_line' id='line_1_32' title="bbox 155 2086 1331 2137; baseline 0.004 -15"><span class='ocrx_word' id='word_1_223' title='bbox 155 2087 230 2123; x_wconf 89' lang='lat' dir='ltr'>alio</span> <span class='ocrx_word' id='word_1_224' title='bbox 249 2087 332 2123; x_wconf 92' lang='lat' dir='ltr'>loco</span> <span class='ocrx_word' id='word_1_225' title='bbox 351 2086 398 2123; x_wconf 88' lang='lat' dir='ltr'>de</span> <span class='ocrx_word' id='word_1_226' title='bbox 419 2087 547 2123; x_wconf 79' lang='lat' dir='ltr'>Sullae</span> <span class='ocrx_word' id='word_1_227' title='bbox 567 2089 681 2124; x_wconf 87' lang='lat' dir='ltr'>rebus</span> <span class='ocrx_word' id='word_1_228' title='bbox 701 2089 844 2125; x_wconf 86' lang='lat' dir='ltr'>dicturi</span> <span class='ocrx_word' id='word_1_229' title='bbox 863 2102 1013 2137; x_wconf 66' lang='lat' dir='ltr'>sumus,</span> <span class='ocrx_word' id='word_1_230' title='bbox 1033 2094 1073 2126; x_wconf 87' lang='lat' dir='ltr'>et</span> <span class='ocrx_word' id='word_1_231' title='bbox 1091 2090 1133 2126; x_wconf 90' lang='lat' dir='ltr'>L.</span> <span class='ocrx_word' id='word_1_232' title='bbox 1158 2090 1331 2137; x_wconf 80' lang='lat' dir='ltr'>Sisenna,</span> 
     </span>
     <span class='ocr_line' id='line_1_33' title="bbox 155 2150 1333 2203; baseline 0.005 -17"><span class='ocrx_word' id='word_1_233' title='bbox 155 2150 299 2200; x_wconf 90' lang='lat' dir='ltr'>optime</span> <span class='ocrx_word' id='word_1_234' title='bbox 328 2155 367 2186; x_wconf 87' lang='lat' dir='ltr'>et</span> <span class='ocrx_word' id='word_1_235' title='bbox 395 2151 688 2200; x_wconf 82' lang='lat' dir='ltr'>diligentissime</span> <span class='ocrx_word' id='word_1_236' title='bbox 716 2154 900 2199; x_wconf 84' lang='lat' dir='ltr'>omnium,</span> <span class='ocrx_word' id='word_1_237' title='bbox 927 2154 993 2203; x_wconf 91' lang='lat' dir='ltr'>qui</span> <span class='ocrx_word' id='word_1_238' title='bbox 1021 2167 1085 2191; x_wconf 87' lang='lat' dir='ltr'>eas</span> <span class='ocrx_word' id='word_1_239' title='bbox 1113 2167 1173 2191; x_wconf 90' lang='lat' dir='ltr'>res</span> <span class='ocrx_word' id='word_1_240' title='bbox 1200 2154 1333 2191; x_wconf 82' lang='lat' dir='ltr'>dixere</span> 
     </span>
    </p>
   </div>
  </div>
 </body>
</html>
