1543 2449
193 92 215 127 6
460 88 759 126 SALLUSTII
792 86 1103 125 JUGURTJIA.

191 192 354 228 quorum
381 178 545 214 alterum
572 189 621 212 ex
645 174 891 224 providentia
917 174 1106 219 timorem,
1132 173 1296 210 alterum
1323 186 1372 210 ex

192 242 354 279 audacia
378 241 637 278 temeritatem
657 239 809 275 adferre
833 238 1060 287 plerumque
1079 238 1185 274 solet.
1243 237 1373 286 Igitur

191 307 401 355 imperator
419 316 550 341 omnes
564 302 645 339 fere
662 315 723 338 res
742 314 896 350 asperas
912 314 981 350 per
994 301 1022 338 J
1025 301 1232 350 ugurtham
1247 313 1371 349 agere,

191 371 233 407 in
262 369 396 406 amicis
428 368 581 411 habere,
608 366 731 414 magis
760 365 957 413 magisque
986 365 1029 400 in
1057 364 1139 402 dies
1168 365 1372 415 amplecti3

191 433 333 481 quippe
362 431 472 478 cujus
499 442 623 478 neque
649 429 852 465 consilium
877 441 1001 477 neque
1025 428 1222 477 inceptum
1248 430 1371 466 ullum

192 496 339 532 frustra
374 498 466 530 erat.
525 493 618 530 Huc
650 493 855 529 accedebat
886 493 1152 530 munificentia
1183 494 1302 530 animi
1333 497 1374 530 et

192 558 338 606 ingenii
367 557 549 603 sollertia,
570 557 679 606 queis
703 558 818 593 rebus
843 556 916 593 sibi
941 557 1087 593 multos
1110 570 1159 593 ex
1185 557 1374 593 Romanis

192 621 377 658 familiari
396 621 567 657 amicitia
587 621 852 669 conjunxerat.

274 685 397 722 VIII.
455 685 515 721 Ea
546 688 777 733 tempestate
812 685 855 720 in
891 684 1065 720 exercitu
1102 687 1234 720 nostro
1266 683 1375 720 fuere

195 750 411 798 complures
445 749 538 785 novi
570 753 687 798 atque
719 749 878 794 nobiles,
909 749 1051 798 quibus
1082 748 1246 785 divitiae
1273 748 1375 784 bono

192 815 431 862 honestoque
450 814 619 863 potiores
634 817 757 860 erant,
772 813 927 849 factiosi
945 813 1061 858 domi,
1076 816 1254 862 potentes
1272 812 1373 861 apud

192 877 325 922 socios,
350 877 444 913 clari
470 877 595 926 magis
621 890 736 925 quam
764 877 929 922 honesti,
953 876 1019 925 qui
1047 876 1074 912 J
1079 875 1268 924 ugurthae
1295 887 1374 910 non

194 941 424 978 mediocrem
450 941 622 977 animum
647 940 899 990 pollicitando
918 940 1192 985 accendebant,
1213 939 1276 976 “si
1301 938 1377 975 Mi-

196 1006 301 1054 cipsa
325 1018 395 1042 rex
420 1005 633 1051 occidisset,
654 1005 748 1048 fore,
774 1005 832 1041 uti
858 1005 961 1041 solus
988 1004 1141 1053 imperii
1166 1003 1378 1040 Numidiae

194 1070 408 1118 potiretur:
437 1070 479 1105 in
503 1070 587 1118 ipso
611 1069 821 1109 maximam
848 1069 1048 1114 virtutem,
1076 1068 1224 1104 Romae
1248 1066 1378 1113 omnia

196 1133 348 1171 venalia
384 1133 498 1170 esse.''
559 1133 634 1170 Sed
670 1137 874 1182 postquam
911 1131 1131 1168 Numantia
1166 1131 1294 1168 deleta
1329 1131 1373 1168 P.

196 1198 324 1247 Scipio
343 1197 540 1234 dimittere
565 1198 723 1243 auxilia,
743 1198 824 1246 ipse
849 1197 993 1234 reverti
1016 1197 1172 1233 domum
1192 1196 1376 1241 decrevit,
1398 1192 1402 1196 ’

194 1262 381 1298 donatum
409 1264 526 1308 atque
550 1260 751 1296 laudatum
780 1261 981 1309 magnifice
1005 1272 1076 1309 pro
1101 1259 1283 1296 concione
1307 1259 1379 1296 Ju-

195 1324 377 1373 gurtham
396 1324 437 1360 in
456 1324 692 1373 praetorium
711 1324 876 1360 abduxit
898 1324 1028 1372 ibique
1048 1327 1195 1359 secreto
1212 1322 1377 1367 monuit,

197 1390 218 1410 ‘⁹‘
233 1389 293 1426 uti
311 1388 441 1438 potius
465 1389 629 1437 publice,
651 1401 766 1437 quam
791 1388 988 1437 privatim,
1009 1387 1222 1423 amicitiam
1243 1386 1376 1435 populi

197 1453 245 1490 R.
269 1453 410 1490 coleret
423 1465 433 1500 3
462 1465 538 1489 neu
556 1453 697 1501 quibus
722 1453 854 1501 largiri
879 1452 1116 1488 insuesceret
1130 1466 1138 1498 ;
1166 1451 1380 1500 periculose

195 1529 219 1552 a
237 1516 371 1565 paucis
389 1515 476 1561 emi,
497 1516 598 1564 quod
618 1516 830 1552 multorum
850 1519 973 1552 esset:
1001 1515 1034 1551 si
1058 1526 1284 1563 permanere
1302 1513 1381 1549 vel-—

196 1582 250 1618 let
269 1581 311 1617 in
329 1581 410 1617 suis
428 1581 588 1626 artibus,
610 1581 713 1617 ultro
731 1580 790 1617 illi
809 1584 848 1617 et
865 1581 1026 1629 gloriam
1047 1583 1086 1616 et
1108 1592 1269 1628 regnum
1288 1591 1378 1614 ven-

197 1651 330 1683 turum
343 1660 353 1693 3
377 1646 437 1683 sin
455 1646 727 1695 properantius
745 1649 932 1697 pergeget,
953 1649 1104 1681 suamet
1123 1645 1249 1693 ipsum
1268 1656 1379 1693 pecu-

197 1710 262 1746 nia
280 1710 530 1759 praecipitem
551 1709 763 1746 casurum.’'

279 1774 353 1810 IX.
412 1774 475 1810 Sic
500 1774 664 1819 locutus,
686 1787 772 1809 cum
795 1773 937 1810 litteris
957 1786 1057 1819 eum,
1077 1786 1173 1822 quas
1191 1773 1382 1822 Micipsae

198 1837 386 1882 redderet,
420 1836 590 1874 dimisit:
624 1850 756 1873 earum
789 1837 984 1873 sententia
1015 1836 1108 1873 haec
1141 1840 1247 1873 erat:
1282 1837 1381 1874 “Ju-

198 1900 362 1949 gurthae
398 1900 459 1936 tui
494 1901 596 1937 bello
628 1901 875 1937 Numantino
907 1900 1019 1948 longe
1050 1901 1221 1937 maxima
1256 1900 1383 1937 virtus

197 1966 275 2002 fuit
288 1979 298 2012 3
327 1978 442 2014 quam
468 1979 549 2002 rem
575 1966 648 2002 tibi
674 1969 779 2003 certo
802 1965 880 2001 scio
904 1965 1047 2013 gaudio
1071 1978 1170 2001 esse:
1198 1964 1309 2001 nobis
1334 1965 1384 2000 ob

199 2030 338 2066 merita
375 2043 486 2066 carus
523 2034 604 2077 est,
651 2030 710 2066 uti
746 2030 849 2066 idem
887 2030 1040 2066 senatui
1077 2030 1128 2066 sit
1165 2034 1204 2066 et
1240 2029 1384 2078 populo

202 2095 391 2140 Romano,
407 2108 557 2132 summa
576 2109 647 2145 ope
666 2096 846 2133 nitemur.
887 2096 973 2132 Tibi
992 2096 1147 2145 quidem
1166 2108 1236 2144 pro
1250 2098 1383 2131 nostra

199 2158 369 2195 amicitia
392 2159 574 2207 gratulor.
634 2159 696 2195 En
720 2159 838 2196 habes
863 2160 990 2196 virum
1018 2159 1178 2208 dignum
1203 2163 1243 2196 te
1267 2162 1385 2208 atque
