1543 2449
419 108 713 146 SALLUSTII
746 107 1053 146 JUGURTHA.
1271 106 1321 144 73

146 197 182 234 ei
210 195 379 233 traditur
408 208 431 231 a
460 194 502 231 P.
537 194 689 231 Rutilio
717 194 866 243 legato;
899 206 988 229 nam
1021 191 1206 228 Metellus
1238 203 1323 227 con-

146 264 319 310 spectum
355 259 475 295 Marii
506 258 671 307 fugerat,
702 271 751 294 ne
782 257 933 294 videret
969 269 1026 302 ea,
1059 267 1157 304 quae
1189 254 1324 290 audita

146 324 297 360 animus
316 322 481 358 tolerare
499 322 736 370 nequiverat.

224 385 487 423 LXXXVII.
547 385 622 422 Sed
654 385 799 431 consul,
829 384 993 434 expletis
1022 382 1237 432 legionibus
1266 394 1324 418 co-

146 449 398 497 hortibusque
427 448 654 494 auxiliariis,
684 449 725 485 in
753 461 887 497 agrum
916 447 1086 484 fertilem
1114 450 1154 482 et
1180 445 1324 494 praeda

124 503 329 548 'onustum
356 512 633 561 proficiscitur:
665 512 794 548 onmia
821 512 876 547 ibi
904 515 1017 560 capta
1043 510 1234 546 militibus
1261 509 1324 545 do-

146 580 238 623 nat3
270 577 361 613 dein
394 577 551 613 castella
580 581 620 613 et
649 577 790 626 oppida
819 581 960 612 natura
989 580 1030 612 et
1060 575 1155 611 viris
1186 586 1323 623 parum

146 641 299 677 munita
323 641 566 689 aggreditur:
596 642 742 690 proelia
764 641 899 685 multa,
922 644 1092 676 ceterum
1116 639 1217 675 levia
1235 637 1323 682 alia,

147 704 233 740 aliis
270 704 362 740 locis
394 704 529 740 facere.
589 704 754 740 Interim
791 704 883 740 novi
919 703 1062 739 milites
1099 702 1181 737 sine
1218 704 1325 736 metu

147 781 298 817 pugnae
323 768 454 804 adesse
467 781 477 814 5
506 768 637 803 videre
662 767 855 816 fugientes
876 767 972 815 capi,
993 766 1114 803 occidi
1127 779 1137 812 3
1165 765 1326 801 fortissi-

147 844 253 867 mum
273 843 462 879 quemque
482 831 740 877 tutissimum3
759 830 876 866 armis
895 830 1126 874 libertatem,
1146 828 1325 877 patriam,

147 898 401 943 parentesque
421 898 461 930 et
482 894 558 930 alia
577 894 706 930 omnia
724 894 825 942 tegi,
854 894 1014 942 gloriam
1034 897 1150 941 atque
1169 892 1327 928 divitias

147 958 289 1007 quaeri.
349 958 411 994 Sic
436 958 545 994 brevi
570 958 695 1006 spatio
720 958 812 993 novi
837 961 1062 1005 veteresque
1082 956 1268 1001 coaluere,
1288 959 1329 991 et

147 1022 273 1057 virtus
301 1021 473 1057 omnium
501 1021 672 1069 aequalis
700 1020 813 1056 facta.
870 1021 932 1057 At
958 1033 1077 1069 reges,
1101 1020 1169 1055 ubi
1194 1019 1241 1055 de
1266 1018 1329 1055 ad-

147 1088 269 1120 ventu
302 1084 422 1120 Marii
453 1088 729 1132 cognoverunt,
763 1083 907 1120 diversi
942 1083 985 1120 in
1021 1084 1123 1119 locos
1155 1083 1329 1119 difficiles

147 1149 301 1184 abeunt.
347 1147 412 1183 Ita
430 1147 650 1196 Jugurthae
670 1148 879 1196 placuerat,
894 1147 1065 1196 speranti
1084 1159 1175 1183 mox
1189 1147 1330 1182 effusos

147 1211 276 1248 hostes
305 1211 440 1247 invadi
471 1225 580 1260 posse
595 1225 604 1257 3
643 1211 852 1256 Romanos,
884 1211 1000 1247 sicuti
1032 1211 1245 1259 plerosque,
1275 1222 1330 1246 re—

147 1280 252 1312 moto
271 1279 378 1311 metu
397 1275 524 1312 laxius
543 1276 799 1324 licentiusque
819 1275 982 1311 futuros.

226 1339 515 1376 LXXXVIII.
574 1339 760 1375 Metellus
779 1339 928 1375 interea
948 1339 1114 1375 Romam
1132 1337 1330 1387 profectus

148 1406 283 1439 contra
305 1415 410 1451 spem
433 1416 543 1439 suam
568 1403 789 1439 laetissimis
815 1403 955 1439 animis
980 1402 1175 1450 excipitur
1187 1414 1197 1448 3
1226 1401 1331 1450 plebi

147 1466 410 1514 patribusque,
431 1470 635 1514 postquam
658 1466 807 1502 invidia
825 1466 1052 1511 decesserat,
1069 1466 1187 1513 juxta
1206 1477 1326 1501 carus.

149 1529 225 1565 Sed
250 1529 401 1565 Marius
426 1530 588 1578 impigre
607 1530 895 1579 prudenterque
915 1543 1071 1566 suorum
1096 1532 1137 1565 et
1160 1529 1330 1565 hostium

148 1606 209 1629 res
234 1593 380 1641 pariter
404 1593 605 1630 attendere
617 1606 628 1640 3
657 1607 882 1642 cognoscere
908 1594 1002 1642 quid
1026 1593 1118 1630 boni
1143 1593 1330 1641 utrisque,

150 1661 220 1693 aut
242 1660 387 1701 contra,
408 1661 530 1702 esset3
560 1657 760 1706 explorare
779 1657 928 1706 *itinera
947 1670 1092 1705 regum,
1114 1656 1274 1693 consilia
1292 1660 1332 1692 et

149 1720 310 1756 insidias
337 1721 585 1768 antevenire,
622 1721 720 1757 nihil
749 1721 852 1769 apud
881 1734 920 1757 se
957 1721 1172 1765 remissum,
1205 1732 1330 1768 neque

150 1783 254 1832 apud
276 1784 362 1820 illos
387 1788 517 1820 tutum
542 1785 634 1833 pati.
693 1784 833 1833 Itaque
853 1789 894 1821 et
913 1785 1098 1821 Gaetulos
1124 1788 1164 1820 et
1188 1783 1216 1820 J
1219 1795 1331 1831 ugur-

150 1848 271 1892 tham,
305 1860 353 1883 ex
385 1848 497 1884 sociis
528 1848 671 1884 nostris
703 1848 886 1896 praedam
923 1852 1092 1896 agentes,
1126 1859 1239 1895 saepe
1271 1859 1332 1895 ag-

150 1923 302 1959 gressus
319 1911 360 1946 in
378 1911 517 1947 itinere
531 1911 698 1957 fuderat,
711 1912 915 1961 ipsumque
928 1924 1056 1960 regem
1075 1911 1179 1947 haud
1197 1911 1331 1960 procul

151 1975 200 2010 ab
228 1974 369 2022 oppido
398 1974 507 2011 Cirta
534 1975 651 2011 armis
677 1979 846 2012 exuerat.
906 1975 1014 2020 Quae
1033 1979 1237 2024 postquam
1256 1975 1333 2023 glo-

151 2038 253 2074 riosa
288 2039 413 2084 modo,
446 2052 570 2087 neque
599 2039 692 2075 belli
734 2039 928 2088 patrandi,
967 2039 1158 2088 cognovit,
1192 2038 1333 2075 statuit

153 2103 278 2148 urbes,
305 2115 403 2151 quae
430 2103 525 2139 viris
553 2107 623 2139 aut
649 2103 732 2140 loco
759 2116 830 2152 pro
854 2103 1031 2140 hostibus
1058 2107 1099 2139 et
1125 2102 1331 2139 adversum

153 2178 192 2203 se
220 2166 568 2215 opportunissimae
597 2170 719 2214 erant,
747 2167 918 2216 singulas
946 2166 1247 2204 circumvenire:
1276 2165 1333 2201 ita
