<?xml version="1.0" encoding="UTF-8"?>
<!DOCTYPE html PUBLIC "-//W3C//DTD XHTML 1.0 Transitional//EN"
    "http://www.w3.org/TR/xhtml1/DTD/xhtml1-transitional.dtd">
<html xmlns="http://www.w3.org/1999/xhtml" xml:lang="en" lang="en">
 <head>
  <title>
</title>
<meta http-equiv="Content-Type" content="text/html;charset=utf-8" />
  <meta name='ocr-system' content='tesseract 3.04.00' />
  <meta name='ocr-capabilities' content='ocr_page ocr_carea ocr_par ocr_line ocrx_word'/>
</head>
<body>
  <div class='ocr_page' id='page_1' title='image "./catilinaetjugurt00salluoft_0077.png"; bbox 0 0 1502 2449; ppageno 0'>
   <div class='ocr_carea' id='block_1_1' title="bbox 423 81 1325 121">
    <p class='ocr_par' dir='ltr' id='par_1_1' title="bbox 423 81 1325 121">
     <span class='ocr_line' id='line_1_1' title="bbox 423 81 1325 121; baseline 0.001 -2"><span class='ocrx_word' id='word_1_1' title='bbox 423 81 722 120; x_wconf 78' lang='lat' dir='ltr'><em>SALLUSTH</em></span> <span class='ocrx_word' id='word_1_2' title='bbox 755 81 1033 120; x_wconf 77' lang='lat' dir='ltr'><em>OATJLJNA.</em></span> <span class='ocrx_word' id='word_1_3' title='bbox 1276 82 1325 121; x_wconf 87' lang='lat'>45</span> 
     </span>
    </p>
   </div>
   <div class='ocr_carea' id='block_1_2' title="bbox 128 175 1336 2209">
    <p class='ocr_par' dir='ltr' id='par_1_2' title="bbox 128 175 1336 2209">
     <span class='ocr_line' id='line_1_2' title="bbox 142 175 1328 225; baseline -0.002 -11"><span class='ocrx_word' id='word_1_4' title='bbox 142 177 327 215; x_wconf 81' lang='lat' dir='ltr'>virtutem</span> <span class='ocrx_word' id='word_1_5' title='bbox 346 189 425 213; x_wconf 86' lang='lat' dir='ltr'>non</span> <span class='ocrx_word' id='word_1_6' title='bbox 443 175 595 222; x_wconf 81' lang='lat' dir='ltr'>addere,</span> <span class='ocrx_word' id='word_1_7' title='bbox 612 189 737 225; x_wconf 89' lang='lat' dir='ltr'>neque</span> <span class='ocrx_word' id='word_1_8' title='bbox 752 188 799 212; x_wconf 88' lang='lat' dir='ltr'>ex</span> <span class='ocrx_word' id='word_1_9' title='bbox 816 175 957 224; x_wconf 82' lang='lat' dir='ltr'>ignavo</span> <span class='ocrx_word' id='word_1_10' title='bbox 972 178 1187 220; x_wconf 89' lang='lat' dir='ltr'>strenuum,</span> <span class='ocrx_word' id='word_1_11' title='bbox 1202 186 1328 223; x_wconf 87' lang='lat' dir='ltr'>neque</span> 
     </span>
     <span class='ocr_line' id='line_1_3' title="bbox 141 237 1324 286; baseline -0.003 -8"><span class='ocrx_word' id='word_1_12' title='bbox 141 241 282 278; x_wconf 84' lang='lat' dir='ltr'>fortem</span> <span class='ocrx_word' id='word_1_13' title='bbox 302 253 350 277; x_wconf 80' lang='lat' dir='ltr'>ex</span> <span class='ocrx_word' id='word_1_14' title='bbox 369 240 506 276; x_wconf 88' lang='lat' dir='ltr'>timido</span> <span class='ocrx_word' id='word_1_15' title='bbox 526 241 742 276; x_wconf 78' lang='lat' dir='ltr'>exercitum</span> <span class='ocrx_word' id='word_1_16' title='bbox 761 239 935 276; x_wconf 87' lang='lat' dir='ltr'>oratione</span> <span class='ocrx_word' id='word_1_17' title='bbox 960 237 1205 286; x_wconf 86' lang='lat' dir='ltr'>imperatoris</span> <span class='ocrx_word' id='word_1_18' title='bbox 1230 238 1324 275; x_wconf 88' lang='lat' dir='ltr'>fieri.</span> 
     </span>
     <span class='ocr_line' id='line_1_4' title="bbox 142 301 1328 353; baseline -0.003 -13"><span class='ocrx_word' id='word_1_19' title='bbox 142 305 298 350; x_wconf 81' lang='lat' dir='ltr'>Quanta</span> <span class='ocrx_word' id='word_1_20' title='bbox 326 304 512 353; x_wconf 88' lang='lat' dir='ltr'>cujusque</span> <span class='ocrx_word' id='word_1_21' title='bbox 545 303 675 340; x_wconf 88' lang='lat' dir='ltr'>animo</span> <span class='ocrx_word' id='word_1_22' title='bbox 704 302 863 339; x_wconf 89' lang='lat' dir='ltr'>audacia</span> <span class='ocrx_word' id='word_1_23' title='bbox 890 305 1032 338; x_wconf 85' lang='lat' dir='ltr'>natura</span> <span class='ocrx_word' id='word_1_24' title='bbox 1059 304 1129 337; x_wconf 88' lang='lat' dir='ltr'>aut</span> <span class='ocrx_word' id='word_1_25' title='bbox 1156 301 1328 337; x_wconf 87' lang='lat' dir='ltr'>moribus</span> 
     </span>
     <span class='ocr_line' id='line_1_5' title="bbox 140 365 1325 416; baseline -0.003 -11"><span class='ocrx_word' id='word_1_26' title='bbox 140 369 253 415; x_wconf 85' lang='lat' dir='ltr'>inest,</span> <span class='ocrx_word' id='word_1_27' title='bbox 276 373 386 405; x_wconf 82' lang='lat' dir='ltr'>tanta</span> <span class='ocrx_word' id='word_1_28' title='bbox 405 368 446 404; x_wconf 91' lang='lat' dir='ltr'>in</span> <span class='ocrx_word' id='word_1_29' title='bbox 466 368 565 404; x_wconf 91' lang='lat' dir='ltr'>bello</span> <span class='ocrx_word' id='word_1_30' title='bbox 591 372 724 416; x_wconf 87' lang='lat' dir='ltr'>patere</span> <span class='ocrx_word' id='word_1_31' title='bbox 753 367 876 404; x_wconf 81' lang='lat' dir='ltr'>solet:</span> <span class='ocrx_word' id='word_1_32' title='bbox 905 379 1019 416; x_wconf 89' lang='lat' dir='ltr'>quem</span> <span class='ocrx_word' id='word_1_33' title='bbox 1044 378 1169 413; x_wconf 86' lang='lat' dir='ltr'>neque</span> <span class='ocrx_word' id='word_1_34' title='bbox 1193 365 1325 414; x_wconf 83' lang='lat' dir='ltr'>gloria,</span> 
     </span>
     <span class='ocr_line' id='line_1_6' title="bbox 140 429 1328 481; baseline -0.003 -13"><span class='ocrx_word' id='word_1_35' title='bbox 140 444 265 481; x_wconf 89' lang='lat' dir='ltr'>neque</span> <span class='ocrx_word' id='word_1_36' title='bbox 293 431 465 480; x_wconf 85' lang='lat' dir='ltr'>pericula</span> <span class='ocrx_word' id='word_1_37' title='bbox 492 431 677 478; x_wconf 78' lang='lat' dir='ltr'>excitant,</span> <span class='ocrx_word' id='word_1_38' title='bbox 707 431 970 480; x_wconf 80' lang='lat' dir='ltr'>nequidquam</span> <span class='ocrx_word' id='word_1_39' title='bbox 998 430 1177 476; x_wconf 80' lang='lat' dir='ltr'>hortere3</span> <span class='ocrx_word' id='word_1_40' title='bbox 1211 429 1328 466; x_wconf 90' lang='lat' dir='ltr'>timor</span> 
     </span>
     <span class='ocr_line' id='line_1_7' title="bbox 128 483 1324 544; baseline -0.003 -12"><span class='ocrx_word' id='word_1_41' title='bbox 128 483 261 532; x_wconf 48' lang='lat' dir='ltr'>&#39;animi</span> <span class='ocrx_word' id='word_1_42' title='bbox 279 495 438 531; x_wconf 86' lang='lat' dir='ltr'>auribus</span> <span class='ocrx_word' id='word_1_43' title='bbox 453 495 593 531; x_wconf 86' lang='lat' dir='ltr'>obficit.</span> <span class='ocrx_word' id='word_1_44' title='bbox 644 495 718 531; x_wconf 84' lang='lat' dir='ltr'>Sed</span> <span class='ocrx_word' id='word_1_45' title='bbox 738 508 806 544; x_wconf 83' lang='lat' dir='ltr'>ego</span> <span class='ocrx_word' id='word_1_46' title='bbox 822 508 891 531; x_wconf 81' lang='lat' dir='ltr'>vos</span> <span class='ocrx_word' id='word_1_47' title='bbox 907 508 982 543; x_wconf 90' lang='lat' dir='ltr'>quo</span> <span class='ocrx_word' id='word_1_48' title='bbox 998 507 1118 543; x_wconf 83' lang='lat' dir='ltr'>pauca</span> <span class='ocrx_word' id='word_1_49' title='bbox 1131 506 1324 530; x_wconf 85' lang='lat' dir='ltr'>monerem</span> 
     </span>
     <span class='ocr_line' id='line_1_8' title="bbox 140 557 1329 606; baseline -0.002 -11"><span class='ocrx_word' id='word_1_50' title='bbox 140 558 350 605; x_wconf 67' lang='lat' dir='ltr'>advocavi,</span> <span class='ocrx_word' id='word_1_51' title='bbox 379 558 495 594; x_wconf 84' lang='lat' dir='ltr'>simul</span> <span class='ocrx_word' id='word_1_52' title='bbox 515 558 574 594; x_wconf 90' lang='lat' dir='ltr'>uti</span> <span class='ocrx_word' id='word_1_53' title='bbox 593 571 766 595; x_wconf 79' lang='lat' dir='ltr'><strong>caussam</strong></span> <span class='ocrx_word' id='word_1_54' title='bbox 787 558 938 595; x_wconf 87' lang='lat' dir='ltr'>consilii</span> <span class='ocrx_word' id='word_1_55' title='bbox 957 558 1155 606; x_wconf 86' lang='lat' dir='ltr'>aperirem.</span> <span class='ocrx_word' id='word_1_56' title='bbox 1213 557 1329 593; x_wconf 82' lang='lat' dir='ltr'>Scitis</span> 
     </span>
     <span class='ocr_line' id='line_1_9' title="bbox 141 622 1329 673; baseline -0.002 -13"><span class='ocrx_word' id='word_1_57' title='bbox 141 624 329 673; x_wconf 85' lang='lat' dir='ltr'>equidem,</span> <span class='ocrx_word' id='word_1_58' title='bbox 351 624 504 671; x_wconf 78' lang='lat' dir='ltr'>milites,</span> <span class='ocrx_word' id='word_1_59' title='bbox 529 624 700 660; x_wconf 78' lang='lat' dir='ltr'>secordia</span> <span class='ocrx_word' id='word_1_60' title='bbox 718 628 835 672; x_wconf 86' lang='lat' dir='ltr'>atque</span> <span class='ocrx_word' id='word_1_61' title='bbox 854 623 1010 671; x_wconf 83' lang='lat' dir='ltr'>ignavia</span> <span class='ocrx_word' id='word_1_62' title='bbox 1029 622 1190 660; x_wconf 75' lang='lat' dir='ltr'>Lentuli</span> <span class='ocrx_word' id='word_1_63' title='bbox 1211 635 1329 671; x_wconf 85' lang='lat' dir='ltr'>quan-</span> 
     </span>
     <span class='ocr_line' id='line_1_10' title="bbox 140 687 1329 737; baseline -0.003 -12"><span class='ocrx_word' id='word_1_64' title='bbox 140 693 221 725; x_wconf 85' lang='lat' dir='ltr'>tam</span> <span class='ocrx_word' id='word_1_65' title='bbox 241 689 315 737; x_wconf 77' lang='lat' dir='ltr'>ipsi</span> <span class='ocrx_word' id='word_1_66' title='bbox 334 689 481 725; x_wconf 79' lang='lat' dir='ltr'>cladem</span> <span class='ocrx_word' id='word_1_67' title='bbox 500 688 687 736; x_wconf 82' lang='lat' dir='ltr'>nobisque</span> <span class='ocrx_word' id='word_1_68' title='bbox 702 688 881 724; x_wconf 82' lang='lat' dir='ltr'>attulerit</span> <span class='ocrx_word' id='word_1_69' title='bbox 895 701 904 734; x_wconf 80' lang='lat'><em>3</em></span> <span class='ocrx_word' id='word_1_70' title='bbox 930 700 1080 736; x_wconf 88' lang='lat' dir='ltr'>quoque</span> <span class='ocrx_word' id='word_1_71' title='bbox 1096 687 1218 732; x_wconf 86' lang='lat' dir='ltr'>modo,</span> <span class='ocrx_word' id='word_1_72' title='bbox 1236 687 1329 723; x_wconf 90' lang='lat' dir='ltr'>dum</span> 
     </span>
     <span class='ocr_line' id='line_1_11' title="bbox 141 751 1328 802; baseline -0.003 -13"><span class='ocrx_word' id='word_1_73' title='bbox 141 766 190 789; x_wconf 77' lang='lat' dir='ltr'>ex</span> <span class='ocrx_word' id='word_1_74' title='bbox 210 753 303 789; x_wconf 89' lang='lat' dir='ltr'>urbe</span> <span class='ocrx_word' id='word_1_75' title='bbox 318 753 508 802; x_wconf 84' lang='lat' dir='ltr'>praesidia</span> <span class='ocrx_word' id='word_1_76' title='bbox 527 752 715 800; x_wconf 80' lang='lat' dir='ltr'>opperior,</span> <span class='ocrx_word' id='word_1_77' title='bbox 736 751 778 787; x_wconf 86' lang='lat' dir='ltr'>in</span> <span class='ocrx_word' id='word_1_78' title='bbox 799 752 969 788; x_wconf 79' lang='lat' dir='ltr'>Galliam</span> <span class='ocrx_word' id='word_1_79' title='bbox 988 751 1176 800; x_wconf 79' lang='lat' dir='ltr'>proficisci</span> <span class='ocrx_word' id='word_1_80' title='bbox 1195 751 1328 799; x_wconf 87' lang='lat' dir='ltr'>nequi-</span> 
     </span>
     <span class='ocr_line' id='line_1_12' title="bbox 142 814 1329 863; baseline -0.002 -11"><span class='ocrx_word' id='word_1_81' title='bbox 142 817 274 854; x_wconf 76' lang='lat' dir='ltr'>verim.</span> <span class='ocrx_word' id='word_1_82' title='bbox 332 816 372 852; x_wconf 86' lang='lat' dir='ltr'>N</span> <span class='ocrx_word' id='word_1_83' title='bbox 375 829 449 852; x_wconf 87' lang='lat' dir='ltr'>unc</span> <span class='ocrx_word' id='word_1_84' title='bbox 468 828 558 851; x_wconf 69' lang='lat' dir='ltr'>vero</span> <span class='ocrx_word' id='word_1_85' title='bbox 578 828 654 863; x_wconf 88' lang='lat' dir='ltr'>quo</span> <span class='ocrx_word' id='word_1_86' title='bbox 672 815 714 851; x_wconf 85' lang='lat' dir='ltr'>in</span> <span class='ocrx_word' id='word_1_87' title='bbox 733 815 815 851; x_wconf 88' lang='lat' dir='ltr'>loco</span> <span class='ocrx_word' id='word_1_88' title='bbox 835 827 895 851; x_wconf 84' lang='lat' dir='ltr'>res</span> <span class='ocrx_word' id='word_1_89' title='bbox 920 819 1073 851; x_wconf 84' lang='lat' dir='ltr'>nostrae</span> <span class='ocrx_word' id='word_1_90' title='bbox 1099 815 1190 859; x_wconf 86' lang='lat' dir='ltr'>sint,</span> <span class='ocrx_word' id='word_1_91' title='bbox 1213 814 1329 862; x_wconf 81' lang='lat' dir='ltr'>juxta</span> 
     </span>
     <span class='ocr_line' id='line_1_13' title="bbox 141 878 1327 927; baseline -0.002 -11"><span class='ocrx_word' id='word_1_92' title='bbox 141 894 291 917; x_wconf 87' lang='lat' dir='ltr'>mecum</span> <span class='ocrx_word' id='word_1_93' title='bbox 324 892 456 916; x_wconf 81' lang='lat' dir='ltr'>omnes</span> <span class='ocrx_word' id='word_1_94' title='bbox 488 879 718 927; x_wconf 79' lang='lat' dir='ltr'>intelligitis.</span> <span class='ocrx_word' id='word_1_95' title='bbox 793 879 999 915; x_wconf 71' lang='lat' dir='ltr'>Exercitus</span> <span class='ocrx_word' id='word_1_96' title='bbox 1036 879 1206 915; x_wconf 86' lang='lat' dir='ltr'>hostium</span> <span class='ocrx_word' id='word_1_97' title='bbox 1239 878 1327 923; x_wconf 90' lang='lat' dir='ltr'>duo,</span> 
     </span>
     <span class='ocr_line' id='line_1_14' title="bbox 142 943 1330 989; baseline 0 -9"><span class='ocrx_word' id='word_1_98' title='bbox 142 958 242 981; x_wconf 87' lang='lat' dir='ltr'>unus</span> <span class='ocrx_word' id='word_1_99' title='bbox 270 945 317 980; x_wconf 84' lang='lat' dir='ltr'>ab</span> <span class='ocrx_word' id='word_1_100' title='bbox 346 945 451 989; x_wconf 84' lang='lat' dir='ltr'>urbe,</span> <span class='ocrx_word' id='word_1_101' title='bbox 481 944 579 979; x_wconf 87' lang='lat' dir='ltr'>alter</span> <span class='ocrx_word' id='word_1_102' title='bbox 606 956 629 979; x_wconf 85' lang='lat' dir='ltr'>a</span> <span class='ocrx_word' id='word_1_103' title='bbox 658 943 786 979; x_wconf 82' lang='lat' dir='ltr'>Gallia</span> <span class='ocrx_word' id='word_1_104' title='bbox 815 944 996 980; x_wconf 85' lang='lat' dir='ltr'>obstant:</span> <span class='ocrx_word' id='word_1_105' title='bbox 1024 944 1172 979; x_wconf 87' lang='lat' dir='ltr'>diutius</span> <span class='ocrx_word' id='word_1_106' title='bbox 1200 943 1242 979; x_wconf 86' lang='lat' dir='ltr'>in</span> <span class='ocrx_word' id='word_1_107' title='bbox 1269 943 1330 980; x_wconf 83' lang='lat' dir='ltr'>his</span> 
     </span>
     <span class='ocr_line' id='line_1_15' title="bbox 141 1007 1328 1057; baseline -0.002 -12"><span class='ocrx_word' id='word_1_108' title='bbox 141 1009 233 1045; x_wconf 86' lang='lat' dir='ltr'>locis</span> <span class='ocrx_word' id='word_1_109' title='bbox 253 1021 342 1053; x_wconf 86' lang='lat' dir='ltr'>esse,</span> <span class='ocrx_word' id='word_1_110' title='bbox 365 1008 396 1044; x_wconf 89' lang='lat' dir='ltr'>si</span> <span class='ocrx_word' id='word_1_111' title='bbox 416 1008 585 1043; x_wconf 82' lang='lat' dir='ltr'>maxime</span> <span class='ocrx_word' id='word_1_112' title='bbox 605 1007 757 1043; x_wconf 80' lang='lat' dir='ltr'>animus</span> <span class='ocrx_word' id='word_1_113' title='bbox 777 1007 887 1052; x_wconf 85' lang='lat' dir='ltr'>ferat,</span> <span class='ocrx_word' id='word_1_114' title='bbox 909 1007 1099 1043; x_wconf 81' lang='lat' dir='ltr'>frumenti</span> <span class='ocrx_word' id='word_1_115' title='bbox 1121 1012 1238 1057; x_wconf 85' lang='lat' dir='ltr'>atque</span> <span class='ocrx_word' id='word_1_116' title='bbox 1260 1008 1328 1044; x_wconf 88' lang='lat' dir='ltr'>ali-</span> 
     </span>
     <span class='ocr_line' id='line_1_16' title="bbox 141 1063 1328 1121; baseline -0.001 -13"><span class='ocrx_word' id='word_1_117' title='bbox 141 1085 251 1108; x_wconf 82' lang='lat' dir='ltr'>arum</span> <span class='ocrx_word' id='word_1_118' title='bbox 270 1084 397 1108; x_wconf 86' lang='lat' dir='ltr'>rerum</span> <span class='ocrx_word' id='word_1_119' title='bbox 419 1076 567 1121; x_wconf 77' lang='lat' dir='ltr'>egestas</span> <span class='ocrx_word' id='word_1_120' title='bbox 586 1070 775 1120; x_wconf 85' lang='lat' dir='ltr'>prohibet.</span> <span class='ocrx_word' id='word_1_121' title='bbox 804 1063 806 1065; x_wconf 72' lang='lat'>.</span> <span class='ocrx_word' id='word_1_122' title='bbox 834 1071 1087 1119; x_wconf 78' lang='lat' dir='ltr'>Quocumque</span> <span class='ocrx_word' id='word_1_123' title='bbox 1110 1071 1165 1108; x_wconf 86' lang='lat' dir='ltr'>ire</span> <span class='ocrx_word' id='word_1_124' title='bbox 1191 1071 1328 1120; x_wconf 80' lang='lat' dir='ltr'>placet,</span> 
     </span>
     <span class='ocr_line' id='line_1_17' title="bbox 141 1135 1331 1184; baseline -0.001 -12"><span class='ocrx_word' id='word_1_125' title='bbox 141 1136 244 1172; x_wconf 76' lang='lat' dir='ltr'>ferro</span> <span class='ocrx_word' id='word_1_126' title='bbox 263 1135 338 1172; x_wconf 88' lang='lat' dir='ltr'>iter</span> <span class='ocrx_word' id='word_1_127' title='bbox 356 1136 607 1184; x_wconf 84' lang='lat' dir='ltr'>aperiendum</span> <span class='ocrx_word' id='word_1_128' title='bbox 627 1139 695 1172; x_wconf 87' lang='lat' dir='ltr'>est.</span> <span class='ocrx_word' id='word_1_129' title='bbox 750 1135 996 1184; x_wconf 80' lang='lat' dir='ltr'>Quapropter</span> <span class='ocrx_word' id='word_1_130' title='bbox 1014 1148 1083 1171; x_wconf 85' lang='lat' dir='ltr'>vos</span> <span class='ocrx_word' id='word_1_131' title='bbox 1102 1148 1249 1181; x_wconf 86' lang='lat' dir='ltr'>moneo,</span> <span class='ocrx_word' id='word_1_132' title='bbox 1270 1136 1331 1171; x_wconf 86' lang='lat' dir='ltr'>uti</span> 
     </span>
     <span class='ocr_line' id='line_1_18' title="bbox 141 1199 1330 1249; baseline 0 -13"><span class='ocrx_word' id='word_1_133' title='bbox 141 1200 236 1237; x_wconf 78' lang='lat' dir='ltr'>forti</span> <span class='ocrx_word' id='word_1_134' title='bbox 271 1204 388 1249; x_wconf 84' lang='lat' dir='ltr'>atque</span> <span class='ocrx_word' id='word_1_135' title='bbox 425 1204 561 1248; x_wconf 83' lang='lat' dir='ltr'>parato</span> <span class='ocrx_word' id='word_1_136' title='bbox 598 1201 728 1236; x_wconf 89' lang='lat' dir='ltr'>animo</span> <span class='ocrx_word' id='word_1_137' title='bbox 762 1199 848 1235; x_wconf 85' lang='lat' dir='ltr'>sitis</span> <span class='ocrx_word' id='word_1_138' title='bbox 863 1212 874 1246; x_wconf 78' lang='lat'>3</span> <span class='ocrx_word' id='word_1_139' title='bbox 916 1203 956 1236; x_wconf 92' lang='lat' dir='ltr'>et</span> <span class='ocrx_word' id='word_1_140' title='bbox 988 1213 1109 1248; x_wconf 90' lang='lat' dir='ltr'>quum</span> <span class='ocrx_word' id='word_1_141' title='bbox 1142 1200 1330 1248; x_wconf 78' lang='lat' dir='ltr'>proelium</span> 
     </span>
     <span class='ocr_line' id='line_1_19' title="bbox 141 1264 1332 1314; baseline 0.001 -14"><span class='ocrx_word' id='word_1_142' title='bbox 141 1264 291 1301; x_wconf 87' lang='lat' dir='ltr'>inibitis</span> <span class='ocrx_word' id='word_1_143' title='bbox 320 1265 574 1301; x_wconf 84' lang='lat' dir='ltr'>memineritis</span> <span class='ocrx_word' id='word_1_144' title='bbox 593 1278 662 1301; x_wconf 87' lang='lat' dir='ltr'>vos</span> <span class='ocrx_word' id='word_1_145' title='bbox 688 1265 859 1307; x_wconf 86' lang='lat' dir='ltr'>divitias,</span> <span class='ocrx_word' id='word_1_146' title='bbox 881 1264 1007 1310; x_wconf 77' lang='lat' dir='ltr'>decus,</span> <span class='ocrx_word' id='word_1_147' title='bbox 1032 1265 1205 1313; x_wconf 81' lang='lat' dir='ltr'>gloriam,</span> <span class='ocrx_word' id='word_1_148' title='bbox 1227 1278 1332 1314; x_wconf 85' lang='lat' dir='ltr'>prae-</span> 
     </span>
     <span class='ocr_line' id='line_1_20' title="bbox 142 1328 1331 1377; baseline 0.001 -13"><span class='ocrx_word' id='word_1_149' title='bbox 142 1332 248 1365; x_wconf 90' lang='lat' dir='ltr'>terea</span> <span class='ocrx_word' id='word_1_150' title='bbox 266 1328 487 1364; x_wconf 86' lang='lat' dir='ltr'>libertatem</span> <span class='ocrx_word' id='word_1_151' title='bbox 506 1333 622 1377; x_wconf 88' lang='lat' dir='ltr'>atque</span> <span class='ocrx_word' id='word_1_152' title='bbox 643 1328 808 1377; x_wconf 88' lang='lat' dir='ltr'>patriam</span> <span class='ocrx_word' id='word_1_153' title='bbox 829 1329 871 1364; x_wconf 86' lang='lat' dir='ltr'>in</span> <span class='ocrx_word' id='word_1_154' title='bbox 891 1328 1040 1365; x_wconf 78' lang='lat' dir='ltr'>dextris</span> <span class='ocrx_word' id='word_1_155' title='bbox 1067 1333 1231 1377; x_wconf 83' lang='lat' dir='ltr'>portare.</span> <span class='ocrx_word' id='word_1_156' title='bbox 1290 1329 1331 1366; x_wconf 78' lang='lat' dir='ltr'>Si</span> 
     </span>
     <span class='ocr_line' id='line_1_21' title="bbox 142 1393 1331 1439; baseline 0 -10"><span class='ocrx_word' id='word_1_157' title='bbox 142 1393 335 1429; x_wconf 86' lang='lat' dir='ltr'>vincimus</span> <span class='ocrx_word' id='word_1_158' title='bbox 354 1393 485 1429; x_wconf 88' lang='lat' dir='ltr'>omnia</span> <span class='ocrx_word' id='word_1_159' title='bbox 503 1393 615 1429; x_wconf 89' lang='lat' dir='ltr'>nobis</span> <span class='ocrx_word' id='word_1_160' title='bbox 635 1397 722 1430; x_wconf 87' lang='lat' dir='ltr'>tuta</span> <span class='ocrx_word' id='word_1_161' title='bbox 742 1397 857 1429; x_wconf 85' lang='lat' dir='ltr'>erunt</span> <span class='ocrx_word' id='word_1_162' title='bbox 870 1406 880 1439; x_wconf 79' lang='lat'>3</span> <span class='ocrx_word' id='word_1_163' title='bbox 911 1397 1147 1429; x_wconf 83' lang='lat' dir='ltr'>commeatus</span> <span class='ocrx_word' id='word_1_164' title='bbox 1166 1393 1331 1438; x_wconf 85' lang='lat' dir='ltr'>abunde,</span> 
     </span>
     <span class='ocr_line' id='line_1_22' title="bbox 143 1456 1334 1506; baseline 0 -13"><span class='ocrx_word' id='word_1_165' title='bbox 143 1456 314 1493; x_wconf 85' lang='lat' dir='ltr'>coloniae</span> <span class='ocrx_word' id='word_1_166' title='bbox 341 1461 459 1505; x_wconf 89' lang='lat' dir='ltr'>atque</span> <span class='ocrx_word' id='word_1_167' title='bbox 487 1457 699 1506; x_wconf 82' lang='lat' dir='ltr'>municipia</span> <span class='ocrx_word' id='word_1_168' title='bbox 727 1457 933 1506; x_wconf 80' lang='lat' dir='ltr'>patebunt:</span> <span class='ocrx_word' id='word_1_169' title='bbox 963 1458 1024 1493; x_wconf 89' lang='lat' dir='ltr'>sin</span> <span class='ocrx_word' id='word_1_170' title='bbox 1049 1461 1156 1493; x_wconf 91' lang='lat' dir='ltr'>metu</span> <span class='ocrx_word' id='word_1_171' title='bbox 1182 1457 1334 1493; x_wconf 88' lang='lat' dir='ltr'>cesseri-</span> 
     </span>
     <span class='ocr_line' id='line_1_23' title="bbox 143 1521 1334 1571; baseline 0.002 -15"><span class='ocrx_word' id='word_1_172' title='bbox 143 1534 229 1561; x_wconf 86' lang='lat' dir='ltr'>mus</span> <span class='ocrx_word' id='word_1_173' title='bbox 261 1521 395 1558; x_wconf 85' lang='lat' dir='ltr'>eadem</span> <span class='ocrx_word' id='word_1_174' title='bbox 431 1521 499 1557; x_wconf 85' lang='lat' dir='ltr'>illa</span> <span class='ocrx_word' id='word_1_175' title='bbox 532 1521 700 1558; x_wconf 85' lang='lat' dir='ltr'>adversa</span> <span class='ocrx_word' id='word_1_176' title='bbox 736 1522 854 1569; x_wconf 68' lang='lat' dir='ltr'>fient,</span> <span class='ocrx_word' id='word_1_177' title='bbox 896 1535 1022 1571; x_wconf 84' lang='lat' dir='ltr'>neque</span> <span class='ocrx_word' id='word_1_178' title='bbox 1055 1522 1170 1568; x_wconf 60' lang='lat' dir='ltr'>locrm,</span> <span class='ocrx_word' id='word_1_179' title='bbox 1209 1535 1334 1571; x_wconf 87' lang='lat' dir='ltr'>neque</span> 
     </span>
     <span class='ocr_line' id='line_1_24' title="bbox 143 1575 1330 1634; baseline 0.003 -15"><span class='ocrx_word' id='word_1_180' title='bbox 143 1584 288 1620; x_wconf 85' lang='lat' dir='ltr'>amicus</span> <span class='ocrx_word' id='word_1_181' title='bbox 325 1585 530 1633; x_wconf 81' lang='lat' dir='ltr'>quisquam</span> <span class='ocrx_word' id='word_1_182' title='bbox 566 1575 673 1633; x_wconf 80' lang='lat' dir='ltr'>teget</span> <span class='ocrx_word' id='word_1_183' title='bbox 718 1598 834 1634; x_wconf 89' lang='lat' dir='ltr'>quem</span> <span class='ocrx_word' id='word_1_184' title='bbox 877 1598 985 1621; x_wconf 85' lang='lat' dir='ltr'>arma</span> <span class='ocrx_word' id='word_1_185' title='bbox 1027 1598 1106 1621; x_wconf 87' lang='lat' dir='ltr'>non</span> <span class='ocrx_word' id='word_1_186' title='bbox 1150 1585 1330 1623; x_wconf 76' lang='lat' dir='ltr'>texerint.</span> 
     </span>
     <span class='ocr_line' id='line_1_25' title="bbox 145 1649 1335 1696; baseline 0.001 -11"><span class='ocrx_word' id='word_1_187' title='bbox 145 1649 361 1695; x_wconf 85' lang='lat' dir='ltr'>Praeterea,</span> <span class='ocrx_word' id='word_1_188' title='bbox 390 1650 546 1696; x_wconf 85' lang='lat' dir='ltr'>milites,</span> <span class='ocrx_word' id='word_1_189' title='bbox 576 1663 655 1686; x_wconf 87' lang='lat' dir='ltr'>non</span> <span class='ocrx_word' id='word_1_190' title='bbox 685 1650 819 1686; x_wconf 82' lang='lat' dir='ltr'>eadem</span> <span class='ocrx_word' id='word_1_191' title='bbox 850 1650 962 1686; x_wconf 88' lang='lat' dir='ltr'>nobis</span> <span class='ocrx_word' id='word_1_192' title='bbox 995 1654 1034 1686; x_wconf 84' lang='lat' dir='ltr'>et</span> <span class='ocrx_word' id='word_1_193' title='bbox 1065 1650 1144 1686; x_wconf 87' lang='lat' dir='ltr'>illis</span> <span class='ocrx_word' id='word_1_194' title='bbox 1176 1649 1335 1686; x_wconf 84' lang='lat' dir='ltr'>necessi-</span> 
     </span>
     <span class='ocr_line' id='line_1_26' title="bbox 144 1712 1335 1763; baseline 0 -14"><span class='ocrx_word' id='word_1_195' title='bbox 144 1713 238 1749; x_wconf 87' lang='lat' dir='ltr'>tudo</span> <span class='ocrx_word' id='word_1_196' title='bbox 263 1713 463 1762; x_wconf 88' lang='lat' dir='ltr'>impendet</span> <span class='ocrx_word' id='word_1_197' title='bbox 481 1728 488 1751; x_wconf 91' lang='lat'>:</span> <span class='ocrx_word' id='word_1_198' title='bbox 517 1727 586 1750; x_wconf 87' lang='lat' dir='ltr'>nos</span> <span class='ocrx_word' id='word_1_199' title='bbox 605 1726 675 1762; x_wconf 89' lang='lat' dir='ltr'>pro</span> <span class='ocrx_word' id='word_1_200' title='bbox 694 1714 832 1763; x_wconf 81' lang='lat' dir='ltr'>patria,</span> <span class='ocrx_word' id='word_1_201' title='bbox 854 1726 924 1762; x_wconf 90' lang='lat' dir='ltr'>pro</span> <span class='ocrx_word' id='word_1_202' title='bbox 943 1714 1135 1760; x_wconf 81' lang='lat' dir='ltr'>libertate,</span> <span class='ocrx_word' id='word_1_203' title='bbox 1156 1726 1226 1762; x_wconf 87' lang='lat' dir='ltr'>pro</span> <span class='ocrx_word' id='word_1_204' title='bbox 1251 1712 1335 1749; x_wconf 84' lang='lat' dir='ltr'>vita</span> 
     </span>
     <span class='ocr_line' id='line_1_27' title="bbox 145 1777 1336 1827; baseline 0.002 -15"><span class='ocrx_word' id='word_1_205' title='bbox 145 1780 356 1823; x_wconf 71' lang='lat' dir='ltr'>certamus,</span> <span class='ocrx_word' id='word_1_206' title='bbox 385 1777 462 1813; x_wconf 89' lang='lat' dir='ltr'>illis</span> <span class='ocrx_word' id='word_1_207' title='bbox 482 1790 810 1826; x_wconf 84' lang='lat' dir='ltr'>supervacaneum</span> <span class='ocrx_word' id='word_1_208' title='bbox 830 1783 888 1814; x_wconf 90' lang='lat' dir='ltr'>est</span> <span class='ocrx_word' id='word_1_209' title='bbox 913 1791 1086 1827; x_wconf 81' lang='lat' dir='ltr'>pugnare</span> <span class='ocrx_word' id='word_1_210' title='bbox 1109 1791 1177 1826; x_wconf 86' lang='lat' dir='ltr'>pro</span> <span class='ocrx_word' id='word_1_211' title='bbox 1203 1782 1336 1827; x_wconf 87' lang='lat' dir='ltr'>poten-</span> 
     </span>
     <span class='ocr_line' id='line_1_28' title="bbox 145 1839 1335 1890; baseline 0.002 -15"><span class='ocrx_word' id='word_1_212' title='bbox 145 1839 201 1876; x_wconf 89' lang='lat' dir='ltr'>tia</span> <span class='ocrx_word' id='word_1_213' title='bbox 232 1852 452 1888; x_wconf 86' lang='lat' dir='ltr'>paucorum.</span> <span class='ocrx_word' id='word_1_214' title='bbox 513 1840 598 1885; x_wconf 81' lang='lat' dir='ltr'>Quo</span> <span class='ocrx_word' id='word_1_215' title='bbox 631 1841 816 1877; x_wconf 84' lang='lat' dir='ltr'>audacius</span> <span class='ocrx_word' id='word_1_216' title='bbox 848 1841 1116 1890; x_wconf 80' lang='lat' dir='ltr'>aggredimini,</span> <span class='ocrx_word' id='word_1_217' title='bbox 1147 1853 1335 1878; x_wconf 86' lang='lat' dir='ltr'>memores</span> 
     </span>
     <span class='ocr_line' id='line_1_29' title="bbox 145 1903 1335 1953; baseline 0 -14"><span class='ocrx_word' id='word_1_218' title='bbox 145 1903 331 1953; x_wconf 83' lang='lat' dir='ltr'>pristinae</span> <span class='ocrx_word' id='word_1_219' title='bbox 364 1904 545 1941; x_wconf 81' lang='lat' dir='ltr'>virtutis!</span> <span class='ocrx_word' id='word_1_220' title='bbox 601 1904 733 1941; x_wconf 87' lang='lat' dir='ltr'>Licuit</span> <span class='ocrx_word' id='word_1_221' title='bbox 766 1904 877 1940; x_wconf 87' lang='lat' dir='ltr'>nobis</span> <span class='ocrx_word' id='word_1_222' title='bbox 909 1917 997 1940; x_wconf 89' lang='lat' dir='ltr'>cum</span> <span class='ocrx_word' id='word_1_223' title='bbox 1029 1917 1179 1940; x_wconf 79' lang='lat' dir='ltr'>summa</span> <span class='ocrx_word' id='word_1_224' title='bbox 1211 1904 1335 1953; x_wconf 88' lang='lat' dir='ltr'>turpi-</span> 
     </span>
     <span class='ocr_line' id='line_1_30' title="bbox 145 1967 1335 2017; baseline 0 -14"><span class='ocrx_word' id='word_1_225' title='bbox 145 1967 282 2004; x_wconf 86' lang='lat' dir='ltr'>tudine</span> <span class='ocrx_word' id='word_1_226' title='bbox 319 1967 360 2003; x_wconf 88' lang='lat' dir='ltr'>in</span> <span class='ocrx_word' id='word_1_227' title='bbox 398 1967 515 2004; x_wconf 81' lang='lat' dir='ltr'>exilio</span> <span class='ocrx_word' id='word_1_228' title='bbox 553 1971 721 2004; x_wconf 83' lang='lat' dir='ltr'>aetatem</span> <span class='ocrx_word' id='word_1_229' title='bbox 758 1981 892 2017; x_wconf 75' lang='lat' dir='ltr'>agere,</span> <span class='ocrx_word' id='word_1_230' title='bbox 934 1968 1118 2017; x_wconf 84' lang='lat' dir='ltr'>potuistis</span> <span class='ocrx_word' id='word_1_231' title='bbox 1155 1968 1335 2004; x_wconf 88' lang='lat' dir='ltr'>nonnulli</span> 
     </span>
     <span class='ocr_line' id='line_1_31' title="bbox 147 2030 1336 2081; baseline 0 -13"><span class='ocrx_word' id='word_1_232' title='bbox 147 2032 304 2077; x_wconf 83' lang='lat' dir='ltr'>Romae,</span> <span class='ocrx_word' id='word_1_233' title='bbox 331 2031 483 2067; x_wconf 85' lang='lat' dir='ltr'>amissis</span> <span class='ocrx_word' id='word_1_234' title='bbox 508 2031 630 2077; x_wconf 89' lang='lat' dir='ltr'>bonis,</span> <span class='ocrx_word' id='word_1_235' title='bbox 658 2031 802 2067; x_wconf 85' lang='lat' dir='ltr'>alienas</span> <span class='ocrx_word' id='word_1_236' title='bbox 827 2044 917 2080; x_wconf 87' lang='lat' dir='ltr'>opes</span> <span class='ocrx_word' id='word_1_237' title='bbox 942 2036 1172 2081; x_wconf 81' lang='lat' dir='ltr'>exspectare.</span> <span class='ocrx_word' id='word_1_238' title='bbox 1233 2030 1336 2075; x_wconf 81' lang='lat' dir='ltr'>Quia</span> 
     </span>
     <span class='ocr_line' id='line_1_32' title="bbox 146 2094 1335 2144; baseline 0 -13"><span class='ocrx_word' id='word_1_239' title='bbox 146 2095 214 2131; x_wconf 82' lang='lat' dir='ltr'>illa</span> <span class='ocrx_word' id='word_1_240' title='bbox 249 2094 360 2131; x_wconf 86' lang='lat' dir='ltr'>foeda</span> <span class='ocrx_word' id='word_1_241' title='bbox 397 2099 514 2144; x_wconf 89' lang='lat' dir='ltr'>atque</span> <span class='ocrx_word' id='word_1_242' title='bbox 550 2095 793 2131; x_wconf 85' lang='lat' dir='ltr'>intoleranda</span> <span class='ocrx_word' id='word_1_243' title='bbox 829 2096 925 2132; x_wconf 88' lang='lat' dir='ltr'>viris</span> <span class='ocrx_word' id='word_1_244' title='bbox 962 2096 1207 2142; x_wconf 87' lang='lat' dir='ltr'>videbantur,</span> <span class='ocrx_word' id='word_1_245' title='bbox 1242 2095 1335 2132; x_wconf 88' lang='lat' dir='ltr'>haec</span> 
     </span>
     <span class='ocr_line' id='line_1_33' title="bbox 146 2158 1335 2209; baseline 0 -14"><span class='ocrx_word' id='word_1_246' title='bbox 146 2159 255 2208; x_wconf 88' lang='lat' dir='ltr'>sequi</span> <span class='ocrx_word' id='word_1_247' title='bbox 282 2159 515 2196; x_wconf 86' lang='lat' dir='ltr'>decrevistis.</span> <span class='ocrx_word' id='word_1_248' title='bbox 575 2159 616 2195; x_wconf 76' lang='lat' dir='ltr'>Si</span> <span class='ocrx_word' id='word_1_249' title='bbox 643 2159 736 2195; x_wconf 81' lang='lat' dir='ltr'>haec</span> <span class='ocrx_word' id='word_1_250' title='bbox 763 2159 983 2209; x_wconf 85' lang='lat' dir='ltr'>relinquere</span> <span class='ocrx_word' id='word_1_251' title='bbox 1011 2160 1144 2207; x_wconf 85' lang='lat' dir='ltr'>vultis,</span> <span class='ocrx_word' id='word_1_252' title='bbox 1174 2158 1335 2196; x_wconf 84' lang='lat' dir='ltr'>audacia</span> 
     </span>
    </p>
   </div>
  </div>
 </body>
</html>
