1543 2449
179 111 227 146 44
452 105 749 146 SALLUSTJI
781 103 1087 142 JUGURTHA.

177 195 255 230 illis
284 197 410 230 castra
437 206 531 238 esse,
559 204 683 240 neque
719 191 1003 226 munimentum
1041 189 1164 225 ullum
1197 200 1272 238 quo
1300 201 1355 223 ce-

177 259 312 294 dentes
333 256 560 293 tenderent:
591 255 632 290 in
651 254 768 290 armis
787 253 917 289 omnia
945 252 1052 289 sita.'’
1108 251 1183 288 Sed
1210 263 1259 288 ne
1286 251 1355 288 Ju-

177 321 320 370 gurtha
356 321 510 369 quidem
547 319 696 354 interea
733 317 887 366 quietus
901 330 911 363 3
948 316 1161 361 circumire,
1194 315 1353 360 hortari,

178 397 362 422 renovare
381 383 582 432 proelium,
604 386 644 418 et
662 382 743 430 ipse
759 394 846 417 cum
861 380 1020 417 delectis
1039 383 1190 416 tentare
1210 379 1355 425 omnia,

178 449 383 485 subvenire
412 448 502 492 suis,
532 447 709 482 hostibus
745 445 874 481 dubiis
910 446 1067 489 instare,
1097 457 1192 492 quos
1228 444 1357 480 firmos

179 515 422 561 cognoverat,
443 511 593 546 eminus
612 509 820 558 pugnando
839 509 1015 545 retinere.

258 576 348 613 LII.
408 576 466 612 Eo
486 575 598 611 modo
626 575 729 610 inter
757 586 795 609 se
824 573 900 608 duo
928 572 1189 620 imperatores,
1219 571 1357 607 summi

179 642 266 687 viri,
287 641 490 677 certabant
502 654 512 687 3
539 639 614 688 ipsi
633 651 755 687 pares,
777 642 947 674 ceterum
968 635 1104 685 opibus
1129 636 1354 684 disparibus.

180 707 283 742 Nam
321 705 483 741 Metello
519 705 646 740 virtus
682 703 851 739 militum
889 704 984 747 erat,
1014 701 1120 737 loeus
1152 700 1359 745 adversus,

179 769 398 817 Jugurthae
419 768 494 804 alia
513 768 642 804 omnia
661 770 814 816 praeter
832 766 976 802 milites
1001 768 1228 813 opportuna.
1286 763 1361 800 De-

179 832 295 880 nique
325 831 505 877 Romani,
535 831 603 867 ubi
630 831 857 879 intelligunt
884 842 1007 878 noque
1036 828 1109 865 sibi
1141 828 1359 877 perfugium

179 910 273 943 esse,
302 910 426 946 neque
455 898 504 933 ab
532 896 642 932 hoste
671 896 819 945 copiam
847 894 1048 944 pugnandi
1084 894 1179 938 fieri,
1208 896 1249 929 et
1279 893 1360 941 jam

179 961 241 997 die
253 974 389 1010 vesper
403 965 487 997 erat
493 975 503 1008 3
532 961 692 996 adverso
708 960 814 1005 colle,
830 959 945 995 sicuti
959 961 1206 1006 praeceptum
1220 957 1359 1001 fuerat,

180 1026 361 1062 evadunt.
421 1026 579 1062 Amisso
598 1026 680 1062 loeo
697 1024 892 1061 Numidae
912 1024 990 1060 fusi
1009 1023 1228 1071 fugatique:
1249 1023 1362 1071 pauci

178 1090 382 1136 interiere3
411 1090 614 1138 plerosque
634 1089 818 1125 velocitas
838 1092 877 1124 et
896 1088 1001 1136 regio
1020 1087 1198 1123 hostibus
1226 1087 1362 1134 ignara

179 1158 309 1190 tutata
342 1158 441 1190 sunt.
502 1154 659 1190 Interea
689 1153 894 1198 Bomilcar,
927 1165 1039 1201 quem
1073 1151 1290 1200 elephantis
1323 1155 1362 1187 et

179 1218 283 1267 parti
315 1218 510 1266 copiarum
543 1217 780 1266 pedestrium
813 1216 1052 1265 praefectum
1086 1217 1134 1252 ab
1163 1216 1364 1263 Jugurtha
1401 1209 1405 1213 ⁴

180 1295 296 1331 supra
333 1282 514 1326 diximus,
544 1282 611 1317 ubi
639 1294 727 1317 eum
756 1280 932 1316 Rutilius
960 1283 1264 1328 praetergressus
1292 1284 1361 1323 est,

180 1345 383 1395 paullatim
413 1358 501 1381 suos
529 1345 570 1381 in
598 1357 763 1394 aequum
796 1344 922 1380 locum
956 1343 1114 1379 deducit
1129 1357 1139 1390 3
1181 1356 1236 1389 ae,
1270 1343 1362 1379 dum

180 1411 330 1459 legatus
345 1411 393 1447 ad
410 1411 565 1455 flumen,
579 1422 654 1458 quo
669 1408 901 1457 praemissus
916 1411 1010 1453 erat,
1024 1407 1213 1443 festinans
1225 1407 1362 1456 pergit,

180 1475 346 1523 quietus,
368 1475 427 1510 uti
456 1487 515 1510 res
543 1474 777 1522 postulabat,
799 1472 919 1508 aciem
953 1475 1127 1517 exornat,
1158 1484 1282 1520 neque
1309 1484 1365 1507 re-

180 1538 317 1583 mittit,
332 1537 424 1586 quid
447 1537 587 1585 ubique
607 1536 729 1572 hostis
744 1540 885 1584 ageret,
899 1536 1108 1583 explorare.
1151 1535 1361 1583 Postquam

182 1601 378 1637 Rutilium
407 1600 622 1636 consedisse
650 1599 732 1647 jam
770 1603 811 1635 et
846 1598 975 1634 animo
1008 1611 1172 1634 vacuum
1202 1599 1361 1647 accepit,

181 1665 371 1713 simulque
384 1677 432 1700 ex
444 1664 472 1700 J
476 1663 665 1712 ugurthae
680 1663 825 1712 proelio
840 1663 1044 1698 clamorem
1060 1662 1203 1710 augeri,
1216 1662 1363 1698 veritus

182 1741 229 1764 ne
248 1728 398 1776 legatus
418 1728 573 1776 cognita
600 1740 641 1764 re
669 1726 937 1763 laborantibus
965 1726 1044 1762 suis
1073 1726 1220 1761 auxilio
1249 1726 1362 1771 foret,

181 1792 313 1837 aciem,
334 1805 449 1840 quam
470 1791 647 1827 diffidens
667 1790 807 1826 virtuti
826 1789 996 1825 militum
1025 1793 1130 1824 arcte
1159 1793 1362 1833 statuerat,

182 1868 257 1904 quo
294 1855 465 1891 hostium
503 1854 636 1890 itineri
669 1854 849 1898 officeret,
883 1852 1001 1889 latius
1033 1852 1209 1901 porrigit,
1244 1865 1364 1901 eoque

183 1918 294 1954 modo
314 1918 363 1954 ad
384 1918 530 1954 Rutilii
549 1921 677 1953 castra
696 1916 879 1966 procedit.

261 1982 378 2018 LIII.
438 1982 607 2018 Romani
622 1995 671 2017 ex
685 1980 894 2030 improviso
906 1980 1077 2029 pulveris
1091 1980 1171 2015 vim
1186 1993 1363 2028 magnam

183 2045 512 2090 animadvertunt,
533 2058 622 2081 nam
642 2048 887 2093 prospectum
907 2056 997 2092 ager
1011 2044 1179 2079 arbustis
1195 2043 1365 2079 consitus

183 2109 413 2158 prohibebat
426 2122 436 2155 3
464 2112 504 2144 et
528 2109 653 2156 primo
677 2108 755 2144 rati
786 2107 947 2143 humum
978 2107 1125 2143 aridam
1145 2110 1262 2143 vento
1290 2106 1365 2154 agi-

184 2173 260 2210 tari
278 2176 367 2222 post
386 2172 452 2208 ubi
472 2172 710 2221 aequabilem
730 2184 896 2217 manere,
918 2175 958 2208 et
985 2171 1100 2207 sicuti
1123 2171 1222 2207 acies
1242 2183 1365 2208 move-
