1502 2449
97 104 146 141 28
377 102 511 141 SALL
520 104 672 142 USTJJ
706 104 771 144 CA
780 105 984 143 TILINA.

96 201 289 251 principes
316 203 594 252 conjurationis
621 208 744 250 erant,
772 205 928 254 paratis,
958 209 1003 242 ut
1032 205 1276 252 videbantur,

97 267 247 316 magnis
283 267 412 316 copiis,
452 267 736 304 constituerant
766 269 838 316 uti,
877 282 998 318 quum
1036 269 1206 308 Catilina
1236 271 1279 308 in

97 344 233 380 agrum
261 331 520 368 Faesulanum
549 344 636 367 cum
666 332 839 369 exercitu
866 333 1046 381 venisset,
1074 334 1118 371 L.
1144 335 1279 372 Bestia

97 395 280 432 tribunus
311 395 434 444 plebis
467 394 648 431 concione
675 394 809 433 habita
837 401 1062 444 quereretur
1090 398 1137 435 de
1164 399 1280 436 actio-

98 460 213 496 nibus
243 458 448 505 Ciceronis,
475 458 643 507 bellique
670 447 889 507 gravissimi
916 460 1104 501 invidiam
1132 463 1279 511 optimo

99 523 246 561 consuli
282 523 522 571 imponeret3
565 535 608 558 eo
645 523 755 571 signo
791 524 969 572 proxima
1006 530 1117 563 nocte
1154 532 1280 564 cetera

98 588 310 626 multitudo
329 586 606 636 conjurationis
626 599 738 622 suum
765 587 927 637 quisque
951 590 1151 637 negotium
1177 604 1280 628 exse-

98 657 291 702 queretur.
351 651 427 687 Sed
447 664 491 687 ea
510 651 635 688 divisa
657 651 728 687 hoc
752 651 866 687 modo
892 651 1120 689 dicebantur
1125 667 1137 701 3
1167 647 1282 691 Stati-

98 719 174 754 lius
193 721 232 753 et
253 715 442 752 Gabinius
462 715 521 751 uti
540 728 627 751 cum
646 728 787 763 magna
805 727 922 751 manu
942 715 1143 753 duodecim
1166 717 1282 754 simul

100 784 317 830 opportuna
335 779 419 815 loca
437 779 545 815 urbis
563 778 824 825 incenderent,
846 792 922 828 quo
940 780 1116 818 tumultu
1134 781 1284 819 facilior

100 846 229 882 aditus
257 844 305 880 ad
331 843 525 880 consulem
556 846 788 892 ceterosque,
819 844 959 892 quibus
987 844 1150 881 insidiae
1177 859 1284 895 para-

101 911 254 955 bantur,
285 909 412 954 fieret,
452 907 645 956 Cethegus
675 907 869 944 Ciceronis
891 907 1055 956 januam
1078 905 1286 955 obsideret,

102 987 189 1011 cum
206 974 245 1010 vi
265 973 550 1021 adgrederetur,
567 972 666 1008 alius
685 976 816 1009 autem
835 972 972 1020 alium,
1001 974 1066 1010 sed
1086 974 1158 1010 filii
1176 974 1284 1011 fami-

102 1040 254 1085 liarum,
283 1051 446 1088 quorum
473 1051 522 1074 ex
550 1037 754 1074 nobilitate
782 1038 953 1074 maxima
979 1051 1080 1087 pars,
1106 1045 1286 1088 parentes

103 1104 365 1141 interficerent
379 1117 388 1150 3
418 1102 544 1150 simul,
577 1102 692 1138 caede
720 1106 760 1138 et
787 1102 967 1139 incendio
1000 1103 1186 1151 perculsis
1210 1117 1286 1141 om-

103 1168 229 1214 nibus,
260 1167 309 1204 ad
339 1166 549 1204 Catilinam
578 1170 838 1214 erumperent.
895 1167 1008 1203 Inter
1035 1167 1128 1204 haec
1153 1172 1288 1217 parata

104 1237 222 1282 atque
245 1232 396 1268 decreta
418 1230 610 1279 Cethegus
633 1243 782 1279 semper
807 1231 1041 1279 querebatur
1060 1231 1106 1268 de
1131 1232 1289 1281 ignavia

105 1297 314 1342 sociorum3
343 1296 430 1332 illos
453 1295 677 1341 dubitando,
699 1300 739 1332 et
764 1295 846 1333 dies
867 1296 1106 1345 prolatando,
1129 1309 1289 1345 magnas

105 1362 416 1411 opportunitates
454 1373 716 1409 corrumpere,
753 1360 869 1406 facto,
908 1373 987 1397 non
1024 1361 1208 1407 consulto,
1248 1361 1290 1397 in

105 1427 177 1463 tali
196 1426 367 1475 periculo
387 1438 482 1474 opus
497 1436 595 1471 esse,
625 1436 751 1472 seque,
769 1424 802 1461 si
820 1424 934 1474 pauci
952 1424 1193 1472 adjuvarent,
1211 1425 1291 1461 lan-

106 1490 315 1539 guentibus
334 1489 432 1535 aliis,
448 1489 637 1538 impetum
656 1488 698 1524 in
717 1489 862 1525 curiam
881 1488 1087 1526 facturum.
1137 1489 1293 1526 Natura

106 1555 228 1600 ferOX,
250 1554 468 1600 vehemens,
489 1567 608 1590 manu
634 1557 837 1602 promptus
862 1557 944 1590 erat
951 1567 962 1601 3
990 1553 1205 1590 maximum
1230 1554 1294 1590 bo-

106 1632 201 1656 num
220 1619 262 1654 iu
282 1618 479 1655 celeritate
498 1621 670 1668 putabat.

186 1683 340 1719 XLIV.
399 1682 474 1719 Sed
503 1684 746 1732 Allobroges,
778 1695 827 1719 ex
856 1685 1058 1731 praecepto
1087 1681 1291 1728 Ciceronis,

108 1760 176 1796 per
213 1746 425 1783 Gabinium
459 1752 604 1784 ceteros
637 1747 894 1793 conveniunt,
932 1746 980 1782 ab
1013 1745 1193 1792 Lentulo,
1229 1745 1296 1782 Ce-

59 1808 63 1813 ‘
108 1811 236 1859 thego,
271 1810 438 1858 Statilio,
467 1811 562 1848 item
597 1811 737 1857 Cassio,
773 1800 974 1860 postulant
1006 1810 1293 1859 jusjurandum,

111 1875 213 1924 quod
241 1875 436 1923 signatum
462 1876 512 1912 ad
540 1876 641 1912 cives
670 1875 882 1924 perferant,
911 1874 1025 1910 aliter
1049 1873 1155 1909 haud
1182 1872 1296 1909 facile

111 1951 175 1975 eos
201 1939 248 1974 ad
277 1943 431 1975 tantum
459 1940 659 1989 negotium
687 1938 837 1987 impelli
863 1951 981 1987 posse.
1041 1937 1170 1974 Ceteri
1196 1936 1296 1973 nihil

112 2002 350 2051 suspicantes
382 2004 500 2042 dant:
539 2003 694 2041 Cassius
723 2010 845 2039 semet
873 2015 916 2039 eo
949 2001 1059 2037 brevi
1086 2004 1296 2037 venturum

112 2066 326 2115 pollicetur,
348 2079 391 2103 ac
410 2068 540 2116 paullo
560 2072 651 2104 ante
670 2067 817 2116 legatos
836 2079 884 2103 ex
910 2066 1007 2102 urbe
1031 2064 1293 2117 proficiscitur.

113 2130 305 2167 Lentulus
320 2143 406 2167 cum
426 2131 487 2167 his
506 2132 545 2169 T.
565 2131 816 2168 Volturcium
835 2130 1052 2180 quemdam,
1074 2118 1296 2165 Crotonien-

113 2207 204 2242 sem,
234 2195 369 2242 mittit,
400 2196 459 2231 uti
493 2196 722 2245 Allobroges
752 2195 860 2244 prius
888 2207 1003 2244 quam
1032 2193 1189 2230 domum
1216 2204 1298 2242 per·
