1502 2449
418 123 712 162 SALLUSTJI
747 123 1026 162 CATILINA.
1265 125 1313 164 37

131 221 337 272 jugulandi
355 221 441 266 fuit,
460 234 574 270 quam
595 222 704 258 Sulla
723 233 854 257 omnes
868 234 956 258 suos
971 221 1122 257 divitiis
1138 220 1318 270 explevit.

136 286 271 335 Atque
290 298 357 334 ego
372 285 463 321 haec
478 298 556 321 non
570 285 612 320 in
628 285 682 323 M.
699 286 837 332 Tullio,
854 299 977 334 neque
993 285 1053 321 his
1068 286 1317 334 temporibus,

137 362 295 386 vereor:
323 349 449 385 sedin
472 361 610 397 magna
636 349 794 385 civitate
820 349 945 385 multa
970 353 1009 385 et
1033 349 1139 385 varia
1165 349 1321 398 ingenia

138 416 237 448 sunb.
297 411 431 448 Potest
455 412 530 448 alio
556 416 737 460 tempore,
766 412 841 448 alio
866 412 1029 457 consule,
1051 413 1113 449 cui
1139 412 1233 449 item
1259 425 1321 448 ex-

125 476 278 513 ·ercitus
298 476 340 512 in
359 489 475 512 manu
495 477 558 522 sit,
574 477 713 520 falsum
733 477 880 526 aliquid
900 490 969 525 pro
990 490 1081 513 vero
1101 477 1226 524 credi3
1252 476 1321 513 ubi

138 540 209 577 hoc
228 542 402 589 exemplo
421 554 488 590 pei·
507 541 634 577 senati
653 541 849 577 decretum
869 541 999 577 consul
1019 541 1189 589 gladium
1204 541 1320 577 edux⁴

137 603 223 650 crib,
239 604 327 652 quis
342 605 457 640 finem
472 608 628 650 stafiueb,
647 608 715 640 aut
734 604 821 652 quis
837 604 1124 640 moderabitur?
1152 604 1320 652 Majores

137 668 271 712 nostri,
294 668 429 704 Patres
449 668 667 716 conscripti,
685 681 808 717 neque
828 668 977 704 consilii
998 681 1121 716 neque
1140 669 1319 706 audaciae

137 744 309 780 unquam
342 744 478 779 eguere
493 745 502 777 5
543 744 668 780 neque
700 731 779 767 illis
813 731 992 780 superbia
1024 732 1210 778 obstabat,
1243 745 1318 781 quo

138 796 266 832 minus
298 796 425 832 aliena
457 796 650 842 instituta,
683 796 715 831 si
744 796 856 831 modo
886 797 1006 844 proba
1036 801 1158 842 erant,
1191 798 1317 834 imiba-

138 864 283 899 rentur.
341 860 465 896 Arma
501 864 617 908 atque
654 860 732 896 tela
764 860 957 895 militum-ia¹
983 861 1030 896 ab
1064 860 1316 907 Samnitibus,

138 924 305 972 insignia
324 924 621 972 magistratuum
636 924 684 960 ab
700 924 831 960 Tuscis
850 924 1030 973 pleraque
1050 930 1297 974 sumpserunt
1308 940 1319 973 3

138 990 331 1035 postremo
350 986 453 1035 quod
472 986 616 1035 ubique
636 987 740 1035 apud
759 987 879 1023 socios
898 992 967 1023 aut
986 988 1115 1024 hosbes
1140 989 1320 1025 idoneum

138 1051 354 1095 videbatur,
384 1064 472 1087 cum
501 1064 650 1087 summo
684 1051 814 1088 studio
847 1051 952 1088 domi
985 1053 1322 1101 exsequebantur3

138 1114 285 1151 imitari
317 1128 432 1164 quam
463 1115 639 1152 invidere
669 1116 780 1152 bonis
810 1116 1017 1154 malebant.
1086 1117 1161 1153 Sed
1192 1117 1323 1154 eodem

138 1177 205 1214 1110
224 1181 407 1226 tempore,
431 1177 613 1215 Graeciae
637 1191 782 1216 morem
807 1179 965 1226 imitati,
993 1180 1221 1217 verberibus
1247 1181 1325 1217 ani-

139 1241 435 1278 madvertebant
453 1242 494 1278 in
514 1243 628 1289 cives,
656 1244 703 1280 de
729 1244 997 1281 condemnatis
1021 1257 1214 1281 summum
1240 1258 1325 1294 sup-

139 1307 298 1355 plicium
324 1308 539 1345 sumebant.
597 1308 809 1358 Postquam
832 1310 1050 1358 respublica
1076 1310 1257 1357 adolevit,
1286 1315 1325 1347 ct

139 1371 392 1408 multitudine
429 1372 573 1409 civium
611 1373 797 1410 facbiones
835 1374 1003 1422 valuere,
1054 1375 1326 1411 circumveniri

140 1435 376 1482 innocentes,
406 1436 484 1472 alia
511 1437 776 1486 hujuscemodi
805 1438 890 1474 fieri
922 1451 1108 1487 coepere3
1146 1443 1230 1475 tum
1263 1439 1326 1475 lex

141 1499 279 1535 Porcia
315 1500 489 1549 aliaeque
525 1501 627 1550 leges
663 1507 821 1551 paratae
858 1508 962 1547 sune,
1000 1504 1141 1553 quibus
1178 1504 1325 1552 legibus

141 1563 301 1617 exilium
321 1564 515 1602 damnabis
534 1567 764 1615 permissum
788 1572 854 1605 esb.
915 1568 1032 1605 Hanc
1052 1581 1120 1617 ego
1140 1580 1323 1613 caussam,

141 1625 279 1663 Patres
307 1628 523 1677 conscripti,
555 1642 630 1679 quo
659 1631 789 1667 minus
817 1644 961 1668 novum
990 1633 1192 1669 consilium
1222 1634 1324 1683 capi-

141 1703 250 1727 amus
269 1690 310 1727 in
328 1691 463 1740 primis
483 1705 662 1742 magnam
687 1699 792 1743 puto.
851 1695 1032 1732 Profecto
1058 1697 1183 1733 virtus
1210 1701 1326 1746 atque

142 1755 331 1804 sapientia
368 1757 489 1806 major
525 1758 567 1794 in
604 1759 681 1795 illis
719 1760 806 1806 fuih,
842 1760 910 1809 qui
942 1773 991 1796 ex
1024 1761 1156 1809 parvis
1189 1762 1326 1811 opibus

142 1822 298 1855 tantum
322 1819 527 1868 imperium
552 1821 688 1867 fecere,
709 1835 825 1871 quam
851 1825 893 1859 in
920 1824 1041 1870 nobis,
1069 1825 1136 1873 qui
1161 1838 1205 1861 ea
1229 1826 1326 1862 bene

142 1887 254 1932 parta
285 1883 355 1919 vix
384 1885 605 1923 rebinemus.
675 1887 809 1924 Placet
838 1888 969 1936 igstmg
1004 1902 1067 1925 eos
1096 1889 1254 1936 dimitti,
1287 1895 1327 1927 et

142 1946 274 1995 augeri
293 1948 505 1984 exercicum
527 1949 746 1988 Catilinae?
784 1952 944 1988 minime
957 1966 967 1999 3
996 1953 1062 1989 sed
1085 1954 1141 1990 ita
1166 1967 1300 1992 censeo
1318 1969 1325 1992 :

142 2010 394 2058 publicandas
420 2025 552 2049 eorum
578 2015 771 2062 pecunias,
801 2015 903 2064 ipsos
928 2016 971 2052 in
996 2016 1162 2053 vinculis
1187 2017 1326 2055 haben-

141 2073 210 2110 dos
237 2087 306 2124 per
334 2076 545 2125 municipia
573 2090 671 2126 quae
699 2078 867 2116 maxime
895 2079 1031 2128 opibus
1059 2080 1191 2117 valent
1207 2093 1217 2127 ;
1250 2094 1326 2117 neu

142 2137 229 2187 quis
265 2138 312 2175 de
349 2139 409 2175 his
445 2144 578 2189 postea
614 2141 664 2178 ad
700 2146 877 2179 senatum
913 2143 1067 2191 referab,
1102 2157 1199 2181 neve
1239 2158 1325 2181 cum

142 2202 282 2252 populo
314 2208 424 2253 agat3
463 2204 530 2254 qui
558 2205 672 2242 aliter
703 2206 848 2254 fecerit,
879 2212 1055 2245 senatum
1090 2208 1324 2255 existimare,
