1543 2449
221 103 243 139 2
491 100 625 139 SALL
636 100 787 139 USTJI
821 100 926 138 JUG-
936 99 1130 138 UBTJJA.

219 190 352 224 nostra
384 187 552 237 corporis
581 187 669 232 alia,
700 186 776 222 alia
805 186 926 223 animi
956 190 1136 222 naturam
1169 189 1393 235 sequuntur.

220 250 349 300 Igitur
377 251 575 300 praeclara
602 250 732 296 facies,
761 263 923 298 magnae
954 250 1126 296 divitiae,
1157 250 1205 286 ad
1237 250 1308 286 hoc
1337 249 1397 286 vis

219 314 388 362 corporis
407 314 483 350 alia
504 313 771 361 hujuscemodi
793 313 922 349 omnia
945 313 1055 350 brevi
1079 313 1306 350 dilabuntur
1317 326 1327 360 3
1356 317 1397 349 at

218 377 365 425 ingenii
384 377 536 425 egregia
554 377 728 413 facinora
746 376 862 413 sicuti
880 377 1010 413 anima
1034 377 1267 413 immortalia
1292 380 1393 413 sunt.

218 440 419 477 Postremo
439 440 607 489 corporis
627 444 666 476 et
684 439 864 476 fortunae
883 440 1071 476 bonorum
1090 443 1135 476 ut
1153 440 1321 485 initium,
1343 439 1396 476 sic

217 505 306 541 finis
329 508 398 550 est,
419 505 624 553 omniaque
643 508 728 540 orta
753 504 945 550 occidunt,
966 508 1006 540 et
1030 508 1144 540 aucta
1169 508 1373 542 senescunt
1386 517 1396 550 ;

217 569 370 605 animus
397 569 656 617 incorruptus,
686 572 878 614 aeternus,
907 572 1033 604 rector
1060 567 1220 604 humani
1247 568 1397 616 generis

217 632 298 681 agit
329 636 446 681 atque
478 632 596 668 habet
628 636 779 677 cuncta,
809 645 935 681 neque
966 632 1048 680 ipse
1079 632 1253 668 habetur.
1311 632 1396 676 Quo

216 696 338 744 magis
365 696 538 744 pravitas
566 709 698 732 eorum
726 695 954 732 admiranda
981 698 1051 740 est,
1076 695 1143 743 qui
1171 695 1293 730 dediti
1320 707 1397 731 cor-

216 761 320 810 poris
333 761 484 810 gaudiis
502 774 570 810 per
584 761 721 797 luxum
736 764 853 809 atque
867 760 1062 808 ignaviam
1077 763 1243 795 aetatem
1259 763 1380 807 agunt
1386 773 1397 806 3

216 829 386 862 ceterum
414 826 625 874 ingenium,
655 837 731 874 quo
761 837 885 874 neque
913 824 1051 860 melius
1078 836 1203 872 neque
1231 823 1398 872 amplius

216 890 322 927 aliud
347 891 389 926 in
413 894 554 926 natura
575 890 799 926 mortalium
825 893 894 935 est,
915 889 1067 924 incultu
1092 892 1208 936 atque
1227 887 1398 924 secordia

215 958 430 1004 torpescere
445 954 580 990 sinunt
588 967 598 1001 5
618 967 737 1003 quum
757 953 983 1002 praesertim
998 957 1079 988 tam
1094 953 1240 988 multae
1254 952 1398 988 variae-

215 1032 290 1068 que
309 1019 388 1055 sint
410 1022 512 1055 artes
531 1018 662 1064 animi,
683 1018 823 1066 quibus
843 1029 993 1053 summa
1012 1016 1202 1052 claritudo
1224 1019 1394 1064 paratur.

295 1083 375 1121 III.
434 1084 584 1120 Verum
613 1096 662 1119 ex
689 1083 750 1119 his
777 1082 1028 1131 magistratus
1056 1085 1095 1118 et
1122 1081 1295 1129 imperia,
1315 1093 1398 1129 pos-

214 1151 338 1184 tremo
357 1147 482 1184 omnis
502 1160 594 1183 cura
612 1159 740 1183 rerum
761 1146 1003 1195 publicarum
1022 1145 1181 1181 minime
1204 1144 1301 1180 mihi
1325 1144 1397 1180 hac

215 1215 444 1261 tempestate
464 1211 654 1260 cupienda
672 1210 873 1256 videntur,
903 1209 1085 1258 quoniam
1110 1221 1235 1257 neque
1258 1207 1404 1244 virtuti

213 1276 335 1313 honos
363 1275 502 1322 datur,
530 1288 655 1324 neque
683 1275 752 1320 illi,
779 1275 920 1323 quibus
947 1286 1016 1322 per
1043 1273 1220 1309 fraudem
1248 1272 1281 1309 is
1306 1272 1395 1318 fuit,

214 1340 350 1388 utique
375 1339 464 1385 tuti,
485 1343 554 1375 aut
579 1352 623 1375 eo
648 1338 771 1387 magis
796 1337 949 1374 honesti
974 1340 1076 1373 sunt.
1134 1336 1237 1373 Nam
1257 1336 1299 1372 vi
1317 1337 1397 1385 qui-

214 1403 302 1440 dem
320 1416 451 1452 regere
470 1404 636 1453 patriam
657 1407 726 1439 aut
744 1407 923 1452 parentes
943 1414 1175 1451 quamquam
1199 1405 1238 1437 et
1262 1401 1396 1450 possis,

214 1475 254 1507 et
290 1471 433 1507 delicta
469 1471 647 1519 corrigas,
686 1475 818 1506 tamen
854 1470 1119 1518 importunum
1158 1472 1240 1516 est;
1277 1481 1397 1517 quum

214 1535 440 1584 praesertim
474 1548 605 1571 omnes
634 1547 763 1571 rerum
791 1534 1027 1570 mutationes
1056 1533 1222 1578 caedem,
1251 1532 1396 1581 fugam,

214 1598 365 1647 aliaque
390 1598 547 1634 hostilia
565 1597 822 1646 portendant:
852 1596 998 1632 frustra
1017 1599 1147 1632 autem
1166 1595 1253 1641 niti,
1273 1608 1397 1644 neque

214 1662 321 1698 aliud
347 1675 386 1698 se
412 1661 612 1710 fatigando
640 1661 716 1697 nisi
744 1661 875 1697 odium
904 1671 1086 1708 quaerere
1114 1663 1310 1695 extremae
1337 1658 1398 1695 de-

214 1725 383 1762 mentiae
410 1729 468 1762 est
482 1739 491 1772 3
519 1725 595 1761 nisi
623 1725 724 1761 forte
749 1737 863 1774 quem
891 1724 1096 1760 inhonesta
1121 1727 1160 1759 et
1184 1723 1398 1772 perniciosa

214 1789 347 1825 lubido
379 1792 488 1825 tenet
518 1789 715 1838 potentiae
747 1800 958 1838 paucorum
991 1787 1107 1824 decus
1139 1790 1255 1835 atque
1288 1787 1399 1823 liber-

215 1858 337 1891 tatem
357 1867 466 1891 suam
486 1854 706 1903 gratificari.

295 1917 370 1955 IV.
430 1918 611 1955 Ceterum
637 1930 686 1954 ex
711 1917 798 1954 aliis
820 1917 985 1965 negotiis
1005 1929 1102 1965 quae
1120 1915 1275 1965 ingenio
1293 1927 1397 1952 exer-

218 1984 365 2027 centur,
403 1981 445 2017 in
481 1981 616 2030 primis
652 1993 792 2029 magno
828 1981 917 2017 usui
952 1985 1011 2017 est
1046 1980 1231 2017 memoria
1269 1992 1397 2016 rerum

216 2048 411 2093 gestarum
426 2058 436 2091 3
469 2045 580 2093 cujus
608 2044 655 2081 de
683 2045 831 2081 virtute
859 2045 950 2094 quia
977 2044 1093 2081 multi
1120 2044 1264 2089 dixere,
1293 2055 1398 2092 prae-

216 2108 448 2145 tereundum
493 2113 601 2158 puto,
648 2110 765 2146 simul
809 2123 859 2146 ne
903 2123 972 2159 per
1021 2109 1266 2146 insolentiam
1311 2108 1398 2156 quis

218 2172 415 2210 existimet
447 2178 589 2210 memet
617 2174 789 2211 studium
818 2187 946 2211 meum
978 2174 1172 2211 laudando
1201 2173 1394 2210 extollere.
