1543 2449
439 76 736 114 SALLUSTII
765 76 1074 114 JUGURTHA.
1300 78 1348 117 87

174 161 429 210 proficiscitur
463 161 506 197 in
541 161 625 198 loca
661 162 752 207 sola,
785 162 980 198 obsessum
1017 161 1156 198 turrim
1193 161 1349 210 regiam,

173 238 248 274 quo
267 225 295 261 J
298 225 465 273 ugurtha
489 225 670 274 perfugas
689 238 820 262 omnes
843 225 1077 274 praesidium
1102 225 1348 274 imposuerat.

174 291 271 327 Tum
290 303 423 326 rursus
443 289 630 335 Bocchus,
651 302 718 326 seu
736 290 964 338 reputando,
986 302 1083 338 quae
1103 290 1177 325 sibi
1201 289 1351 326 duobus

173 355 328 403 proeliis
355 359 553 400 venerant,
583 367 651 390 seu
677 354 898 390 admonitus
926 355 973 390 ab
1001 354 1145 399 amiciS,
1175 367 1269 403 quos
1296 354 1352 390 in-

173 422 374 466 corruptos
400 418 427 455 J
432 418 599 467 ugurtha
628 419 847 467 reliquerat,
878 431 927 454 ex
955 418 1059 454 omni
1090 418 1199 467 copia
1227 431 1353 454 neces-

151 475 360 518 'sariorum
387 483 557 531 quinque
583 482 729 530 deligit,
750 495 913 531 quorum
939 486 979 518 et
1003 482 1097 519 fides
1124 482 1287 530 cognita,
1312 488 1352 518 et

172 545 328 594 ingenia
354 545 592 582 validissima
618 550 737 582 erant.
797 546 874 582 Eos
900 545 949 582 ad
975 545 1158 591 Marium,
1179 558 1223 582 ac
1248 545 1350 590 dein,

173 610 206 646 si
242 610 405 658 placeat,
445 610 622 656 Romam,
661 611 806 658 legatos
842 610 899 646 ire
935 610 1070 658 jubet3
1117 610 1352 659 agendarum

173 686 314 719 rerum,
346 678 386 710 et
415 687 655 723 quocumque
687 675 800 711 modo
819 675 911 711 belli
944 674 1208 723 componendi,
1239 675 1354 711 licen-

173 738 268 773 tiam
294 739 496 786 permittit.
555 738 622 775 Illi
647 743 798 775 mature
824 739 873 775 ad
898 738 1061 774 hiberna
1087 737 1352 774 Romanorum

173 802 485 849 proficiscuntur:
511 802 661 848 deinde,
682 802 724 838 in
742 802 881 838 itinere
900 815 923 838 a
943 801 1118 838 Gaetulis
1137 801 1353 838 latronibus

173 865 428 902 circumventi
447 866 689 914 spoliatique,
709 866 853 914 pavidi,
875 866 957 902 sine
976 866 1110 902 decore
1130 866 1179 902 ad
1205 865 1352 902 Sullam

173 930 409 978 perfugiunt,
430 943 544 978 quem
570 930 703 966 consul
727 930 769 966 in
794 930 1080 978 expeditionem
1109 929 1352 978 proficiscens

172 1006 242 1040 pro
266 997 442 1041 praetore
465 993 682 1041 reliquerat.
741 993 819 1029 Eos
838 993 903 1029 ille
922 1006 1000 1029 non
1019 1005 1088 1042 pro
1107 993 1219 1029 vanis
1237 993 1354 1029 hosti-

172 1057 255 1101 bus,
269 1060 314 1092 ut
332 1056 461 1092 meriti
480 1060 602 1102 erant,
619 1057 685 1093 sed
704 1061 882 1093 accurate
902 1070 945 1092 ao
966 1057 1178 1093 liberaliter
1196 1056 1334 1093 habuit
1343 1071 1352 1103 3

172 1133 248 1167 qua
266 1132 308 1156 re
326 1120 481 1156 barbari
500 1124 540 1156 et
555 1120 698 1156 famam
715 1121 979 1157 Romanorum
1000 1122 1186 1157 avaritiae
1202 1121 1350 1167 falsam,

171 1189 212 1221 et
231 1185 378 1221 Sullam
393 1185 441 1220 ob
456 1185 761 1221 munificentiam
780 1185 822 1221 in
841 1198 922 1221 sese
937 1186 1103 1221 amicum
1119 1186 1204 1221 rati.
1248 1185 1352 1222 Nam

172 1249 288 1285 etiam
308 1253 392 1285 tum
412 1249 566 1297 largitio
580 1250 715 1286 multis
731 1250 876 1298 ignara,
890 1251 1096 1287 munificus
1115 1263 1228 1287 nemo
1242 1255 1353 1300 puta-

171 1315 298 1359 batur,
322 1313 400 1350 nisi
422 1314 569 1362 pariter
593 1314 738 1360 volens,
766 1314 867 1351 dona
893 1315 1022 1351 omnia
1047 1316 1088 1351 in
1112 1316 1352 1364 benignitate

171 1377 423 1413 habebantur.
483 1376 613 1425 Igitur
640 1378 835 1426 quaestori
862 1378 1046 1414 mandata
1075 1379 1219 1415 Bocchi
1250 1383 1354 1427 pate-

171 1439 323 1475 faciunt
336 1452 346 1485 3
374 1439 489 1475 simul
515 1440 563 1476 ab
590 1453 633 1476 eo
659 1445 811 1489 petunt,
839 1441 899 1477 uti
924 1441 1057 1478 fautor
1081 1442 1352 1490 consultorque

172 1502 246 1538 sibi
274 1502 397 1548 adsit,
427 1503 566 1550 copias,
593 1503 720 1549 fidem,
747 1504 1055 1553 magnitudinem
1083 1505 1184 1554 regis
1212 1506 1283 1551 sui,
1314 1511 1353 1541 et

172 1566 260 1611 alia,
281 1578 378 1614 quae
398 1570 467 1602 aut
489 1567 602 1602 utilia
625 1571 695 1603 aut
719 1568 1012 1605 benevolentiae
1032 1581 1112 1605 esse
1132 1569 1350 1614 credebant,

172 1630 346 1666 oratione
369 1631 565 1667 extollunt
577 1644 587 1677 3
616 1632 718 1678 dein,
740 1632 849 1669 Sulla
873 1633 1003 1669 omnia
1027 1633 1211 1682 pollicito,
1236 1633 1350 1679 docti,

172 1707 248 1743 quo
277 1694 390 1731 modo
418 1696 521 1744 apud
550 1696 733 1742 Marium,
762 1697 856 1733 item
884 1697 988 1746 apud
1016 1700 1205 1743 senatum,
1234 1698 1352 1734 verba

172 1758 356 1803 facerent,
378 1759 530 1795 circiter
549 1759 630 1796 dies
648 1771 708 1797 XL.
732 1761 875 1797 ibidem
895 1761 1159 1810 opperiuntur.

253 1823 358 1859 CIV.
415 1823 567 1860 Marius
585 1829 801 1873 postquam,
819 1825 1005 1871 confecto,
1022 1838 1097 1874 quo
1116 1826 1349 1871 intenderat,

172 1887 338 1934 negotio,
370 1886 515 1923 Cirtam
547 1888 660 1933 redit,
690 1888 737 1925 de
767 1889 940 1925 adventu
969 1889 1183 1937 legatorum
1214 1891 1353 1926 certior

172 1949 311 1995 factus,
331 1950 493 1999 illosque
513 1955 553 1987 et
578 1951 725 1988 Sullam
751 1953 800 1989 ab
820 1953 941 1989 Utica
966 1953 1098 1989 venire
1111 1953 1236 2001 jubet,
1257 1954 1350 1990 item

173 2013 215 2050 L.
253 2014 471 2050 Bellienum
508 2019 738 2063 praetorem,
775 2021 976 2065 praeterea
1013 2030 1144 2054 omnes
1180 2018 1351 2067 undique

173 2079 357 2115 senatorii
394 2079 550 2125 ordinis,
589 2081 818 2129 quibuscum
861 2082 1046 2118 mandata
1090 2082 1234 2119 Bocchi
1270 2096 1352 2132 cog-

174 2143 308 2180 noscit.
366 2143 522 2192 Legatis
554 2149 724 2194 potestas
757 2145 875 2182 eundi
908 2145 1072 2183 Romam
1105 2147 1151 2183 fit
1187 2147 1235 2183 ab
1268 2160 1354 2184 con-
