1543 2449
425 122 723 162 SALLUSTH
755 120 1063 162 JUGURTHA.
1281 123 1330 158 55

152 212 264 246 verat
275 222 286 256 3
313 208 508 254 honorem,
523 210 625 258 quod
644 223 776 247 eorum
790 209 904 246 modo
923 209 1036 254 foret,
1052 219 1147 257 quos
1166 207 1332 255 populus

154 273 354 309 Romanus
372 286 479 322 reges
494 274 766 322 appellavisset
779 288 788 321 3
816 273 1063 323 praesidium,
1079 271 1182 320 quod
1201 275 1333 307 contu—

153 337 353 373 meliosum
382 337 424 373 in
456 350 519 373 eos
551 337 664 384 foret,
694 338 727 374 si
758 338 908 386 equites
941 335 1109 373 Romani
1146 335 1333 371 satellites

153 400 349 438 Numidae
373 401 630 438 traderentur.
689 401 810 438 Hunc
838 401 990 438 Marius
1013 400 1173 436 anxium
1203 411 1334 447 aggre-

118 512 124 518 η
153 465 271 510 ditur,
295 468 412 513 atque
439 465 630 511 hortatur,
659 466 720 502 uti
744 464 1066 502 contumeliarum
1090 461 1334 511 imperatoris

154 542 241 565 cum
270 541 338 564 suo
366 529 513 565 auxilio
540 541 683 577 poenas
710 533 840 578 petat:
878 528 1073 564 hominem
1107 527 1155 563 ob
1182 525 1335 562 morbos

155 593 283 628 animo
302 605 439 641 parum
458 592 587 629 valido
607 593 774 629 secunda
789 592 963 628 oratione
982 591 1158 627 extollit:
1189 589 1335 626 “illum

155 669 294 705 regem,
315 656 511 704 ingentem
536 656 676 702 virum,
704 656 934 692 Masinissae
962 658 1142 703 nepotem
1171 666 1274 690 esse:
1304 653 1335 688 si

155 720 183 757 J
185 719 354 768 ugurtha
373 724 509 768 captus
527 723 597 756 aut
616 720 761 756 occisus
776 720 888 765 foret,
905 719 1110 767 imperium
1126 717 1336 754 Numidiae

156 785 239 821 sine
257 797 365 821 mora
382 784 607 820 habiturum
624 798 630 820 :
660 784 700 820 id
715 784 810 820 adeo
829 787 980 819 mature
993 795 1102 831 posse
1122 781 1288 825 evenire,
1305 780 1337 815 si

156 849 238 897 ipse
257 848 390 884 consul
409 848 458 884 ad
477 848 517 884 id
528 848 673 884 bellum
687 847 827 883 missus
838 846 974 883 foret.”
1021 845 1160 894 Itaque
1176 848 1216 881 et
1226 844 1336 880 illum

157 916 198 949 et
216 912 365 961 equites
385 911 592 957 Romanos,
613 911 757 947 milites
776 914 817 947 et
835 910 1106 959 negotiatores,
1128 909 1224 944 alios
1242 907 1336 956 ipse,

157 977 359 1025 plerosque
385 988 469 1024 spes
491 975 597 1023 pacis
624 975 802 1023 impellit,
823 974 883 1010 uti
910 974 1076 1009 Romam
1100 972 1149 1008 ad
1169 984 1258 1008 suos
1276 984 1338 1007 ne-

158 1040 340 1076 cessarios
359 1052 492 1088 aspere
510 1039 553 1074 in
571 1038 777 1074 Metellum
792 1038 839 1074 de
851 1038 952 1074 bello
965 1037 1149 1081 scribant,
1165 1035 1338 1071 Marium

158 1104 429 1152 imperatorem
460 1106 630 1151 poscant.
690 1102 753 1139 Sic
784 1102 843 1139 illi
879 1115 903 1138 a
938 1101 1073 1137 multis
1110 1100 1340 1136 mortalibus

158 1167 429 1204 honestissima
443 1167 717 1215 suffragatione
730 1167 953 1202 consulatus
965 1166 1172 1214 petebatur
1187 1178 1193 1201 :
1225 1163 1339 1200 simul

159 1244 205 1267 ea
223 1234 454 1279 tempestate
472 1230 614 1279 plebes,
638 1231 843 1267 nobilitate
868 1230 956 1266 fusa
974 1242 1043 1279 per
1061 1230 1183 1277 legem
1203 1228 1341 1264 Mami-

159 1294 264 1339 liam,
284 1307 404 1330 novos
423 1294 644 1330 extollebat.
703 1294 768 1331 Ita
787 1294 916 1330 Mario
936 1296 1076 1329 cuncta
1095 1292 1311 1341 procedere,

239 1358 391 1395 LXVI.
451 1357 617 1394 Interim
644 1358 673 1395 J
675 1358 855 1406 ugurtha,
881 1361 1086 1407 postquam
1114 1357 1255 1393 omissa
1281 1355 1343 1392 de—

161 1422 308 1458 ditione
326 1421 471 1458 bellum
489 1422 639 1470 incipit,
661 1435 748 1458 cum
773 1435 914 1470 magna
933 1434 1026 1458 cura
1044 1433 1181 1470 parare
1201 1420 1341 1463 omnia,

161 1485 359 1531 festinare,
380 1497 512 1533 cogere
531 1486 745 1522 exercitum
759 1499 769 1532 3
798 1486 987 1531 civitateS,
1004 1498 1102 1534 quae
1117 1485 1166 1521 ab
1186 1497 1225 1521 se
1244 1483 1344 1520 defc-

164 1552 309 1595 cerant,
335 1548 553 1595 formidine,
578 1553 648 1586 aut
670 1550 901 1586 ostentando
928 1549 1111 1599 praemia,
1140 1549 1321 1585 affectare
1334 1561 1344 1593 3

164 1612 400 1649 communire
419 1625 507 1649 suos
526 1613 651 1660 locos,
679 1627 797 1659 arma,
818 1614 908 1660 tela,
929 1614 1016 1659 alia,
1037 1626 1134 1662 quae
1155 1625 1220 1662 spe
1239 1611 1344 1661 pacis

165 1677 357 1722 amiserat,
391 1677 558 1722 reficere,
592 1681 662 1713 aut
698 1678 947 1714 commercari
962 1692 972 1724 3
1013 1677 1173 1714 servitia
1206 1676 1347 1712 Roma-

166 1754 304 1777 norum
332 1741 497 1786 allicere,
527 1745 567 1777 et
594 1754 657 1778 eos
685 1742 799 1791 ipsos,
827 1743 894 1791 qui
921 1742 963 1778 in
991 1741 1194 1790 praesidiis
1222 1744 1344 1786 erant,

166 1804 330 1853 pecunia
344 1808 495 1841 tentare
509 1818 519 1850 3
547 1818 704 1854 prorsus
716 1806 815 1842 nihil
829 1806 1021 1842 intactum
1033 1818 1157 1854 neque
1172 1805 1346 1853 quietum

167 1868 250 1916 pati
263 1881 273 1914 3
301 1871 441 1904 cuncta
468 1868 624 1916 agitare.
683 1869 813 1918 Igitur
832 1870 1044 1918 Vagenses,
1064 1881 1140 1918 quo
1162 1868 1347 1905 Metellus

168 1932 293 1977 initio,
326 1931 354 1968 J
357 1932 525 1980 ugurtha
561 1933 800 1981 pacificante,
833 1934 1070 1983 praesidium
1099 1933 1346 1982 imposuerat,

169 1995 326 2044 fatigati
343 1995 444 2043 regis
463 1997 673 2044 suppliciis,
687 2011 811 2047 neque
827 2001 942 2034 antea
955 1998 1158 2034 voluntate
1176 1997 1346 2042 alienati,

170 2059 363 2109 principes
382 2060 553 2096 civitatis
572 2061 676 2097 inter
694 2074 733 2098 se
753 2063 980 2110 conjurant:
1008 2075 1099 2098 nam
1117 2062 1269 2110 vulgus,
1289 2062 1348 2097 uti

171 2124 398 2172 plerumque
422 2124 530 2170 solet,
551 2128 591 2160 et
608 2126 777 2162 maxime
799 2126 1073 2173 Numidarum,
1092 2126 1248 2175 ingenio
1272 2138 1348 2162 mo-

171 2187 252 2234 bili,
273 2187 497 2224 seditiosum
520 2192 636 2238 atque
659 2189 936 2227 discordiosum
963 2193 1058 2237 erat,
1078 2190 1260 2239 cupidum
1286 2201 1350 2225 no-
