1543 2449
247 129 295 166 36
519 128 814 166 SALLUSTII
846 127 1151 165 JUGURTHA.

246 215 333 252 fuit.
390 214 570 263 Namque
598 226 754 262 coepere
781 213 964 249 nobilitas
991 213 1231 260 dignitatem,
1254 212 1418 261 populus

247 277 464 313 libertatem
484 277 525 312 in
550 276 763 312 lubidinem
782 279 956 323 vertere,
984 276 1057 312 sibi
1082 276 1242 324 quisque
1267 275 1417 320 ducere,

247 341 410 385 trahere,
431 352 574 388 rapere.
632 339 697 375 Ita
724 339 853 375 omnia
879 339 921 375 in
948 339 1044 376 duas
1070 343 1199 388 partes
1227 339 1420 375 abstracta

248 408 339 440 sunt
352 418 362 451 3
390 403 616 451 respublica,
633 415 729 451 quae
748 402 875 439 media
893 402 1032 448 fuerat,
1048 402 1265 439 dilacerata.
1315 402 1421 439 Cete-

248 480 333 503 rum
370 466 552 502 nobilitas
589 466 757 502 factione
798 465 920 513 magis
961 466 1153 514 pollebat3
1198 465 1320 514 plebis
1362 465 1422 501 vis

249 531 374 567 soluta
403 534 519 577 atque
547 529 718 577 dispersa
745 529 787 564 in
813 528 1065 565 multitudine
1092 529 1220 565 minus
1247 533 1421 578 poterat,

249 607 457 643 paucorum
494 593 654 629 arbitrio
686 593 778 629 belli
814 592 993 641 domique
1029 592 1270 641 agitabatur3
1306 606 1423 642 penes

249 657 400 693 eosdem
428 657 629 702 aerarium,
653 656 885 705 provinciae,
908 656 1167 704 magistratus,
1191 656 1333 704 gloriae
1358 657 1423 692 tri-

250 722 459 770 umphique
487 725 621 768 erant,
657 721 822 770 populus
848 721 989 757 militia
1016 726 1132 769 atque
1160 721 1291 769 inopia
1318 734 1424 769 urge-

250 786 364 821 batur
370 799 381 833 3
401 785 563 834 praedas
580 785 737 820 bellicas
755 784 1005 833 imperatores
1020 798 1106 820 eum
1125 785 1258 833 paucis
1273 784 1424 833 diripie-

249 849 354 884 bant.
412 848 569 885 Interea
596 851 775 896 parentes
802 851 872 883 aut
898 847 1009 896 parvi
1036 848 1149 883 liberi
1176 848 1356 893 militum,
1380 852 1425 883 ut

250 912 411 961 quisque
438 912 648 961 potentiori
675 912 835 948 confinis
863 915 957 957 erat,
987 911 1141 948 sedibus
1168 912 1420 960 pellebantur.

251 975 316 1011 Ita
343 988 430 1011 cum
455 975 630 1024 potentia
655 975 820 1011 avaritia
845 975 926 1010 sine
951 975 1064 1011 modo
1089 975 1351 1023 modestiaque
1370 975 1425 1010 in-

250 1039 402 1085 vadere,
425 1039 595 1087 polluere
623 1042 663 1075 et
687 1043 839 1074 vastare
864 1039 993 1075 omnia
1005 1052 1016 1085 3
1043 1038 1141 1074 nihil
1168 1039 1278 1087 pensi
1301 1051 1426 1087 neque

252 1104 375 1140 sancti
402 1104 553 1149 habere,
577 1103 703 1152 quoad
728 1107 849 1139 semet
874 1103 958 1151 ipsa
984 1103 1264 1151 praecipitavit.
1322 1102 1425 1138 Nam

252 1168 319 1204 ubi
355 1168 522 1216 primum
560 1179 609 1203 ex
644 1167 847 1203 nobilitate
884 1166 1028 1215 reperti
1064 1170 1166 1212 sunt,
1196 1167 1263 1215 qui
1294 1179 1424 1219 veram

251 1232 411 1280 gloriam
436 1231 603 1279 injustae
628 1230 824 1279 potentiae
851 1233 1140 1278 anteponerent,
1166 1229 1312 1265 moveri
1338 1229 1425 1265 civi-

253 1300 323 1341 tas,
355 1299 395 1331 et
425 1294 610 1331 dissensio
643 1293 767 1329 civilis
798 1293 908 1342 quasi
938 1293 1145 1341 permixtio
1178 1297 1302 1329 terrae
1335 1293 1427 1329 oriri

253 1359 386 1407 coepit.

331 1420 465 1458 XLII.
523 1421 627 1457 Nam
655 1424 857 1469 postquam
886 1420 1061 1456 Tiberius
1089 1424 1129 1457 et
1155 1420 1193 1457 C.
1218 1421 1425 1466 Gracchus,

253 1498 415 1534 quorum
440 1485 604 1533 majores
628 1485 776 1521 Punico
802 1488 917 1533 atque
936 1484 1022 1520 aliis
1043 1484 1154 1520 bellis
1173 1485 1339 1520 multum
1358 1484 1427 1520 rei-

253 1550 429 1598 publicae
448 1548 689 1594 addiderant,
706 1548 902 1584 vindicare
920 1548 1070 1597 plebem
1090 1548 1132 1583 in
1150 1548 1369 1584 libertatem
1389 1552 1428 1583 et

253 1627 462 1663 paucorum
488 1613 630 1649 scelera
654 1612 871 1661 patefacere
890 1624 1058 1661 coepere,
1078 1612 1293 1648 nobilitatis
1312 1612 1429 1648 noxia

253 1682 369 1727 atque
388 1690 432 1714 eo
450 1677 626 1726 perculsa
644 1676 756 1713 modo
775 1689 844 1725 per
862 1676 983 1713 socios
1001 1688 1045 1712 ac
1067 1688 1208 1712 nomen
1230 1675 1426 1721 Latinum,

253 1743 449 1779 interdum
473 1755 542 1791 per
567 1742 714 1791 equites
741 1741 948 1787 Romanos,
969 1754 1064 1790 quos
1089 1754 1174 1790 spes
1193 1741 1387 1777 societatis
1405 1754 1429 1777 a

253 1805 363 1854 plebe
382 1805 608 1850 dimoverat,
625 1804 886 1841 Gracchorum
906 1804 1122 1840 actionibus
1141 1804 1293 1840 obviam
1313 1804 1411 1840 ierat
1418 1818 1428 1850 3

254 1874 294 1905 et
317 1869 440 1918 primo
466 1869 674 1914 Tiberium,
695 1868 785 1905 dein
809 1881 951 1917 paucos
975 1872 1063 1917 post
1080 1881 1201 1904 annos
1220 1867 1352 1904 eadem
1374 1868 1429 1903 in-

254 1933 490 1982 gredientem
515 1934 662 1980 Caium,
683 1934 883 1970 tribunum
908 1933 1085 1979 alterum,
1106 1933 1271 1969 alterum
1296 1932 1429 1968 trium-

247 1997 381 2033 -virum
418 1998 576 2034 coloniis
613 1997 858 2043 deducendis,
892 2010 978 2033 cum
1015 1997 1070 2034 M.
1107 1997 1246 2034 Fulvio
1278 1997 1427 2042 Flacco,

255 2061 356 2097 ferro
380 2066 594 2099 necaverat.
652 2062 707 2098 Et
731 2075 822 2098 sane
841 2061 1025 2098 Gracchis
1047 2061 1226 2110 cupidine
1245 2061 1428 2097 victoriae

254 2124 358 2160 haud
390 2125 483 2161 satis
514 2125 735 2162 moderatus
766 2125 918 2161 animus
945 2124 1031 2161 fuit.
1090 2124 1165 2161 Sed
1196 2124 1296 2160 bono
1325 2124 1428 2160 vinci

255 2187 376 2224 satius
395 2192 464 2233 est,
485 2201 598 2237 quam
619 2188 719 2224 malo
743 2200 846 2224 more
872 2187 1053 2235 injuriam
1080 2187 1242 2223 vincere.
1301 2186 1429 2234 Igitur
