1502 2449
365 91 660 131 SALLUSTII
693 89 969 129 CATILINA.
1211 89 1261 127 47

77 194 188 231 locat.
245 193 335 243 Ipse
354 205 451 241 equo
471 191 699 229 circumiens
717 201 1030 238 unumquemque
1055 187 1262 224 nominans

77 257 256 306 appellat,
289 257 478 302 hortatur,
514 259 635 304 rogat,
670 254 732 291 uti
763 252 1022 299 meminerint,
1057 264 1096 288 se
1128 255 1263 288 contra

79 322 245 357 latrones
264 321 439 366 inermes,
460 333 528 368 pro
547 319 684 368 patria,
706 331 774 367 pro
793 316 936 362 liberis,
957 329 1026 365 pro
1046 315 1123 351 aris
1146 319 1262 364 atque

77 384 171 420 focis
189 384 268 420 suis
283 397 445 420 cernere.
495 383 626 419 Homo
642 381 829 426 militaris,
846 380 948 429 quod
962 379 1128 428 amplius
1142 392 1263 415 annos

77 448 239 497 triginta
257 448 449 494 tribunus,
472 452 540 484 aut
559 448 784 497 praefectus,
801 451 870 482 aut
889 446 1049 494 legatus,
1071 448 1140 480 aut
1158 457 1264 493 prae-

77 518 139 548 tor
158 525 245 548 cum
264 525 404 560 magna
422 512 545 560 gloria
567 512 705 557 fuerat,
733 511 934 560 plerosque
958 509 1059 559 ipsos
1084 509 1264 558 factaque

77 588 208 612 eorum
246 576 364 612 fortia
401 580 584 612 noverat:
632 588 677 612 ea
718 573 1049 611 commemorando
1091 573 1264 609 militum

78 640 226 676 animos
255 640 495 676 accendebat.

157 703 243 740 LX.
302 703 376 740 Sed
405 704 473 739 ubi
501 703 680 739 omnibus
704 703 819 739 rebus
846 701 1057 751 exploratis
1085 701 1263 740 Petreius

76 768 172 804 tuba
198 768 351 816 signum
381 767 458 813 dat,
491 767 665 804 cohortes
692 766 898 815 paullatim
926 766 1105 803 incedere
1128 766 1263 814 jubet,

77 831 179 867 idem
208 831 303 867 facit
330 831 500 867 hostium
529 830 732 868 exercitus.
789 830 1001 879 Postquam
1032 843 1075 867 eo
1103 834 1266 867 ventum

77 900 145 941 est,
184 895 287 931 unde
328 907 351 930 a
394 894 615 945 ferentariis
659 893 848 942 proelium
892 893 1083 930 committi
1125 899 1262 943 posset,

76 958 245 994 maximo
267 957 430 993 clamore
456 970 543 993 cum
569 956 724 993 infestis
750 957 871 1005 signis
896 961 1157 1004 concurrunt3
1186 958 1266 1007 pila

75 1022 265 1058 omittunt
276 1034 287 1067 3
315 1020 454 1069 gladiis
473 1033 533 1056 res
552 1020 709 1069 geritur.
761 1020 963 1066 Veterani,
986 1022 1174 1070 pristinae
1193 1022 1266 1058 vir-

75 1085 173 1121 tutis
192 1097 389 1130 memores,
408 1085 579 1121 cominus
599 1085 739 1121 acriter
757 1085 921 1131 instare,
945 1086 1005 1121 illi
1020 1086 1120 1122 haud
1137 1086 1266 1122 timidi

75 1149 262 1186 resistunt
276 1162 286 1196 3
314 1148 486 1184 maxima
505 1148 546 1184 vi
565 1152 746 1186 certatur,
805 1149 964 1186 Interea
984 1149 1153 1186 Catilina
1178 1163 1264 1186 cum

75 1213 265 1262 expeditis
283 1212 325 1248 in
339 1212 464 1261 prima
479 1212 560 1249 acie
575 1213 734 1259 versari,
751 1212 1017 1249 laborantibus
1033 1226 1262 1258 succurrere,

73 1278 243 1327 integros
262 1290 331 1326 pro
346 1277 485 1313 sauciis
499 1290 703 1324 accersere,
724 1278 852 1314 omnia
867 1277 1081 1326 providere,
1097 1278 1264 1315 multum

72 1343 154 1392 ipse
183 1355 363 1391 pugnare,
395 1354 508 1390 saepe
535 1341 685 1378 hostem
714 1342 852 1388 ferire3
882 1344 1033 1379 strenui
1060 1342 1198 1379 militis
1226 1347 1265 1379 et

72 1407 164 1443 boni
182 1406 425 1455 imperatoris
445 1406 566 1441 officia
590 1406 707 1442 simul
733 1407 1026 1455 exsequebatur.
1085 1406 1265 1444 Petreius

71 1472 140 1508 ubi
166 1471 275 1508 videt
305 1471 525 1517 Catilinam,
556 1475 691 1507 contra
719 1484 762 1507 ac
790 1475 899 1507 ratus
928 1475 1022 1517 erat,
1053 1484 1194 1520 magna
1224 1472 1264 1507 vi

73 1535 239 1582 tendere,
257 1535 452 1572 cohortem
472 1535 705 1583 praetoriam
724 1535 766 1570 in
786 1535 932 1572 medios
951 1536 1079 1572 hostes
1100 1536 1261 1582 inducit,

71 1612 209 1649 eosque
236 1600 482 1649 perturbatos
510 1603 627 1648 atque
653 1599 748 1635 alios
773 1599 868 1635 alibi
896 1600 1120 1636 resistentes
1148 1601 1265 1636 inter-

72 1665 151 1701 ficit
163 1678 173 1711 ς
202 1665 340 1701 deinde
359 1665 555 1713 utrimque
576 1677 624 1700 ex
643 1664 831 1700 lateribus
856 1665 1090 1713 aggreditur.
1148 1665 1264 1701 Man-

72 1728 145 1764 lius
165 1732 204 1765 et
223 1729 462 1765 Faesulanus
482 1729 524 1764 in
543 1728 679 1777 primis
699 1733 917 1777 pugnantes
943 1729 1095 1766 cadunt.
1155 1728 1265 1765 Post-

70 1804 188 1840 quam
214 1791 320 1828 fusas
349 1792 488 1840 copiaS,
519 1805 637 1840 seque
667 1805 753 1828 cum
782 1793 915 1841 paucis
947 1793 1128 1829 relictum
1155 1793 1263 1830 videt

71 1855 250 1901 Catilina,
272 1868 419 1891 memor
443 1855 593 1903 generis
619 1859 736 1904 atque
762 1855 950 1903 pristinae
977 1855 1192 1904 dignitatis,
1221 1856 1263 1892 in

69 1918 372 1955 confertissimos
408 1918 538 1954 hostes
575 1918 752 1964 incurrit,
791 1918 924 1967 ibique
961 1931 1140 1968 pugnans
1177 1932 1262 1956 con-

68 1982 225 2019 foditur.

147 2044 259 2082 LXI.
318 2044 393 2081 Sed
425 2043 600 2080 confecto
632 2044 787 2093 proelio,
824 2048 911 2081 tum
942 2058 1035 2082 vero
1072 2058 1258 2092 cerneres,

68 2113 215 2159 quanta
230 2109 390 2145 audacia
409 2112 631 2157 quantaque
646 2109 705 2144 vis
725 2108 845 2144 animi
864 2108 1003 2145 fuisset
1022 2109 1064 2145 in
1084 2109 1261 2146 exercitu

69 2174 271 2212 Catilinae.
329 2172 433 2210 Nam
459 2173 547 2220 fere,
575 2186 690 2223 quem
717 2173 880 2224 quisque
905 2174 1021 2211 vivus
1048 2175 1258 2224 pugnando
