1543 2449
415 130 710 169 SALLUSTH
742 130 1048 168 JUGURTJJA.
1266 131 1316 168 53

219 216 378 254 LXIII.
436 216 513 253 Per
533 216 636 253 idem
658 220 810 265 tempus
836 216 978 253 Uticae
1000 215 1101 252 forte
1126 214 1166 252 O.
1190 215 1319 252 Mario

140 293 209 329 per
235 279 381 316 hostias
408 279 483 316 diis
511 280 746 328 supplicanti
775 283 949 328 “magna
981 283 1097 328 atque
1125 279 1319 316 mirabilia

141 343 321 393 portendi
334 343 351 358 ''
371 343 565 392 haruspex
577 344 731 379 dixerat
745 357 751 379 :
783 346 804 363 “
818 343 978 391 proinde
991 355 1088 392 quae
1100 343 1228 378 animo
1243 343 1320 391 agi-

140 407 262 452 tabat,
282 406 406 443 fretus
426 406 484 442 dis
504 411 645 455 ageret,
666 407 863 443 fortunam
883 419 998 455 quam
1018 406 1238 455 saepissime
1257 419 1320 442 ex-

115 511 120 517 ,
140 470 332 519 periretur
344 483 355 516 3
384 474 524 506 cuncta
541 483 724 518 prospera
742 469 963 506 eventura.''
1017 470 1078 506 At
1103 470 1214 506 illum
1236 470 1319 519 jam

141 537 256 570 antea
281 534 505 570 consulatus
528 533 664 582 ingens
689 533 829 582 cupido
857 534 1103 582 exagitabat3
1131 533 1180 570 ad
1205 546 1320 582 quem

141 596 371 645 capiendum
408 600 562 645 praeter
597 601 833 633 vetustatem
870 597 1040 633 familiae
1078 597 1154 634 alia
1189 597 1320 634 omnia

141 659 294 697 abunde
320 664 454 706 erant3
483 660 687 705 industria,
706 660 891 709 probitas,
911 660 1074 696 militiae
1093 673 1233 708 magna
1252 660 1321 696 sci-

141 723 248 760 entia
260 737 270 770 3
303 723 455 760 animus
473 724 566 759 belli
584 724 731 772 ingens,
752 723 856 760 domi
874 724 1059 769 modicus,
1079 724 1265 760 lubidinis
1280 728 1321 760 et

141 787 368 824 divitiarum
387 787 522 832 victor,
537 787 804 823 tantummodo
823 787 967 836 gloriae
986 787 1132 824 avidus.
1192 787 1268 824 Sed
1286 787 1320 824 is

142 855 259 887 natus
281 855 322 887 et
343 863 494 887 omnem
522 851 729 899 pueritiam
754 851 900 899 Arpini
926 852 1040 897 altus,
1061 852 1129 888 ubi
1152 852 1322 900 primum

143 919 250 952 aetas
277 915 440 951 militiae
467 915 620 963 patiens
655 914 744 960 fuit,
774 915 978 964 stipendiis
1014 915 1214 961 faciendis,
1243 928 1322 952 non

144 979 291 1016 Graeca
302 978 484 1014 facundia
498 990 622 1026 neque
637 978 795 1014 urbanis
809 978 1012 1015 munditiis
1028 991 1109 1015 sese
1124 979 1320 1016 exercuit:

142 1043 199 1079 ita
217 1042 320 1078 inter
337 1046 440 1078 artes
458 1042 578 1077 bonas
597 1041 791 1089 integrum
804 1041 1002 1089 ingenium
1014 1042 1125 1078 brevi
1138 1041 1318 1078 adolevit.

143 1106 247 1154 Ergo
266 1106 333 1142 ubi
351 1105 519 1154 primum
534 1105 778 1141 tribunatum
793 1106 1001 1142 militarem
1016 1119 1039 1142 a
1053 1106 1195 1154 populo
1209 1106 1322 1154 petit,

142 1170 335 1219 plerisque
371 1169 510 1205 faciem
542 1169 625 1217 ejus
654 1169 934 1217 ignorantibus,
963 1169 1078 1206 facile
1109 1174 1225 1206 notus
1254 1183 1325 1219 per

144 1246 275 1270 omnes
307 1233 433 1269 tribus
465 1233 692 1269 declaratur.
752 1233 904 1270 Deinde
934 1234 983 1270 ab
1015 1246 1060 1270 eo
1091 1234 1324 1282 magistratu

143 1297 262 1333 alium
282 1300 370 1345 post
389 1296 507 1332 alium
528 1296 601 1332 sibi
620 1297 793 1345 peperit3
821 1310 1046 1346 semperque
1064 1298 1106 1333 in
1124 1297 1324 1346 potestati-

142 1362 215 1397 bus
252 1374 297 1397 eo
333 1360 446 1396 modo
476 1361 660 1409 agitabat,
695 1361 755 1397 uti
786 1361 984 1410 ampliore,
1017 1374 1133 1410 quam
1165 1362 1325 1410 gerebat

143 1425 283 1473 dignus
307 1424 523 1460 haberetur.
582 1424 728 1460 Tamen
752 1424 785 1461 is
808 1425 857 1461 ad
882 1424 922 1462 id
949 1425 1119 1461 locorum
1148 1425 1238 1461 talis
1262 1425 1324 1461 vir

146 1488 251 1538 (nam
271 1492 405 1537 postea
423 1488 633 1524 ambitione
652 1501 834 1537 praeceps
853 1488 968 1525 datus
988 1488 1075 1538 est),
1096 1492 1227 1537 petere
1245 1501 1325 1525 non

144 1552 334 1589 audebat:
364 1552 482 1588 etiam
509 1555 594 1587 tum
622 1552 718 1588 alios
745 1552 999 1600 magistratus
1026 1553 1169 1601 plebes,
1193 1565 1327 1589 consu·

144 1616 268 1652 latum
295 1615 478 1651 nobilitas
505 1615 609 1651 inter
636 1628 675 1652 se
703 1629 771 1664 per
798 1629 936 1652 manus
964 1615 1165 1653 tradebat:
1199 1629 1324 1652 novus

146 1692 259 1716 nemo
277 1683 357 1715 tam
378 1679 503 1715 clarus
517 1692 641 1728 neque
660 1684 740 1715 tam
758 1681 921 1728 egregiis
940 1679 1055 1716 factis
1074 1684 1169 1726 erat,
1185 1680 1280 1729 quin
1294 1680 1327 1716 is

146 1743 328 1791 indignus
347 1743 413 1778 illo
432 1742 587 1788 honore,
608 1746 648 1779 et
667 1743 776 1791 quasi
784 1744 980 1792 pollutus,
1000 1744 1219 1780 haberetur.

226 1805 378 1842 LXIV.
437 1805 566 1854 Igitur
585 1807 652 1842 ubi
664 1806 816 1842 Marius
837 1807 1052 1855 haruspicis
1071 1807 1175 1843 dicta
1194 1807 1327 1843 eodem

145 1869 348 1906 intendere
367 1869 485 1914 videt,
507 1882 582 1918 quo
601 1869 741 1918 cupido
766 1870 886 1906 animi
914 1870 1153 1917 hortabatur,
1174 1871 1223 1907 ab
1247 1870 1328 1907 Me-

146 1934 240 1970 tello
267 1933 425 1982 petendi
447 1933 573 1981 gratia
597 1933 817 1969 missionem
846 1937 978 1982 rogat:
1008 1934 1071 1970 cui
1095 1947 1327 1983 quamquam

147 1997 285 2042 virtus,
315 1997 447 2045 gloria,
477 2000 594 2045 atque
622 1997 699 2033 alia
731 1997 902 2045 optanda
928 1997 1051 2042 bonis,
1081 1998 1328 2047 superabant,

150 2066 280 2097 tamen
299 2061 426 2097 inerat
446 2064 662 2096 contemtor
686 2061 838 2096 animus
857 2065 898 2096 et
917 2061 1107 2110 superbia,
1128 2074 1330 2098 commune

148 2124 365 2161 nobilitatis
384 2124 538 2161 malum.
597 2124 737 2173 Itaque
752 2125 920 2173 primum
941 2129 1154 2161 commotus
1172 2125 1330 2161 insolita

148 2201 190 2226 re
218 2188 352 2226 mirari
378 2188 460 2236 ejus
486 2188 700 2234 consilium,
725 2192 765 2226 et
792 2188 901 2238 quasi
925 2201 995 2238 per
1019 2188 1229 2226 amicitiam
1253 2200 1331 2225 mo—
