1502 2449
434 94 733 132 SALLUSTII
767 92 1045 131 CATILINA.
1285 96 1329 131 21

153 190 357 241 postulare,
390 189 557 226 “Patres
585 191 792 239 conscripti
819 203 867 227 ne
900 190 994 239 quid
1030 190 1077 226 de
1114 202 1154 226 se
1190 193 1334 226 temere

153 256 350 292 crederent
364 266 375 300 3
405 266 450 290 ea
468 253 618 290 familia
636 259 775 301 ortum,
797 255 853 291 ita
872 255 920 291 ab
939 253 1194 291 adolescentia
1212 254 1335 289 vitam

152 318 379 363 instituisse,
409 321 455 353 ut
481 317 613 353 omnia
640 318 741 354 bona
768 319 810 355 in
835 332 901 368 spe
920 319 1103 355 haberet:
1133 330 1182 354 ne
1201 317 1334 354 existi-

152 386 312 428 marent,
344 381 418 417 sibi
446 381 608 429 patricio
637 382 796 428 homini,
829 383 938 432 cujus
965 382 1088 431 ipsius
1115 385 1232 430 atque
1259 394 1335 417 ma-

141 447 277 496 vjorum
306 445 473 494 plurima
500 445 686 482 beneficia
713 447 754 482 in
782 447 932 495 plebem
959 447 1176 483 Romanam
1195 449 1333 489 essent,

153 511 303 560 perdita
339 509 536 558 republica
573 522 669 558 opus
706 523 798 556 esse,
838 523 925 546 cum
963 524 1047 547 eam
1077 513 1248 546 servaret
1277 509 1332 545 M.

153 575 312 618 Tullius,
360 573 575 622 inquilinus
621 573 718 610 civis
764 573 871 610 urbis
918 573 1099 610 Romae.''
1158 573 1226 610 Ad
1265 572 1336 609 hoc

154 638 358 675 maledicta
377 637 452 673 alia
471 650 558 673 cum
578 637 749 683 adderet,
771 638 989 687 obstrepere
1015 650 1159 684 omnem,
1186 637 1335 673 hostem

153 705 270 751 atque
316 701 548 750 parricidam
592 713 738 738 vocare.
813 701 911 737 Tum
960 702 1025 737 ille
1076 700 1331 737 furibundus:

157 765 380 810 “Quoniam
399 764 555 813 quidem
576 765 896 810 circumventus‚'⁷
912 765 1052 813 inquit,
1076 765 1153 800 “ab
1168 764 1335 801 inimicis

155 842 335 879 praeceps
354 841 456 877 agor,
477 828 698 863 incendium
718 840 847 864 meum
867 829 981 868 ruina
1000 829 1272 876 restinguam.''

235 891 423 929 XXXII.
482 891 585 927 Dein
605 904 643 927 se
663 904 712 927 ex
732 892 838 928 curia
858 892 1014 928 domum
1033 892 1227 941 proripuit
1244 905 1251 928 :
1280 891 1337 927 ibi

157 957 280 993 multa
300 968 429 992 secum
448 954 529 1003 ipse
548 954 719 1000 volvens,
745 956 847 1003 quod
866 968 990 1004 neque
1010 956 1172 992 insidiae
1191 954 1337 991 consuli

156 1020 426 1070 procedebant,
448 1023 487 1054 et
507 1018 554 1054 ab
574 1018 752 1055 incendio
771 1019 1016 1068 intelligebat
1042 1020 1177 1056 urbem
1195 1019 1340 1067 vigiliis

157 1084 359 1129 munitam,
381 1082 571 1131 optimum
591 1081 738 1118 factum
764 1083 922 1119 credens
948 1084 1160 1119 exercitum
1189 1095 1338 1131 augere,

157 1162 200 1185 ac
225 1148 333 1197 prius
360 1159 476 1195 quam
504 1146 673 1194 legiones
702 1147 963 1183 scriberentur
990 1150 1216 1195 antecapere
1244 1159 1341 1195 quae

158 1212 258 1248 bello
295 1212 382 1247 usui
419 1210 559 1256 forent,
599 1214 711 1246 nocte
748 1210 982 1260 intempesta
1015 1224 1102 1247 cum
1139 1209 1273 1259 paucis
1300 1210 1342 1246 in

158 1275 360 1312 Manliana
389 1278 513 1310 castra
550 1274 745 1322 profectus
782 1280 850 1312 est.
909 1275 984 1311 Sed
1022 1274 1190 1323 Cethego
1226 1278 1343 1323 atque

159 1339 337 1385 Lentulo,
359 1337 571 1386 ceterisque
590 1350 756 1385 quorum
776 1342 1009 1389 cognoverat
1035 1342 1254 1387 promptam
1280 1351 1343 1374 au-

159 1403 318 1448 daciam,
340 1402 510 1447 mandat,
542 1402 683 1450 quibus
711 1403 825 1438 rebus
854 1406 1017 1451 possent,
1048 1415 1137 1451 opes
1165 1402 1344 1438 factionis

160 1468 397 1512 confirment,
437 1465 597 1518 insidias
634 1466 784 1502 consuli
820 1470 1030 1513 maturent,
1070 1466 1234 1516 caedem,
1283 1466 1342 1502 in-

160 1531 305 1576 cendia,
335 1531 486 1578 aliaque
514 1529 607 1566 belli
635 1530 805 1566 facinora
824 1535 976 1579 parent3
1005 1543 1084 1567 sese
1104 1544 1222 1580 prope
1242 1530 1344 1566 diem

161 1608 248 1631 cum
263 1607 401 1643 magno
416 1594 589 1630 exercitu
602 1594 650 1630 ad
669 1595 805 1631 urbem
824 1608 1076 1633 accessurum.
1123 1595 1229 1631 Dum
1250 1594 1344 1631 haec

161 1659 309 1695 Romae
328 1662 527 1707 geruntur,
547 1657 587 1694 O.
606 1657 780 1694 Manlius
800 1671 848 1694 ex
867 1671 936 1695 suo
955 1672 1115 1695 numero
1130 1658 1276 1707 legatos
1295 1657 1345 1695 ad

162 1722 356 1765 Marcium
376 1721 524 1770 Regem
543 1721 680 1767 mittit,
702 1735 789 1757 cum
808 1723 1003 1759 mandatis
1021 1722 1304 1771 hujuscemodi:

239 1785 451 1822 XXXIII.
511 1784 651 1822 “Deos
679 1785 930 1834 hominesque
956 1790 1156 1832 testamur,
1184 1786 1346 1835 impera-

160 1854 232 1896 tor,
267 1863 336 1886 nos
367 1861 474 1885 arma
505 1861 631 1897 neque
663 1854 798 1886 contra
827 1849 992 1898 patriam
1030 1849 1182 1898 cepisse,
1221 1862 1346 1898 neque

160 1926 237 1963 quo
256 1913 471 1962 periculum
494 1912 581 1948 aliis
606 1912 831 1958 faceremus,
853 1913 919 1950 sed
945 1913 1005 1949 uti
1029 1926 1188 1962 corpora
1212 1916 1346 1950 nostra

160 1978 209 2014 ab
237 1978 381 2026 injuria
405 1982 492 2015 tuta
518 1976 647 2014 forent
659 1990 670 2023 3
703 1977 771 2025 qui
796 1977 938 2024 miseri,
967 1980 1135 2026 egentes,
1160 1976 1347 2014 violentia

160 2046 276 2091 atque
305 2042 534 2079 crudelitate
570 2041 834 2078 feneratorum
870 2041 1042 2090 plerique
1074 2040 1236 2090 patriae,
1277 2039 1346 2077 sed.

160 2118 291 2143 omnes
318 2106 422 2142 fama
458 2111 575 2155 atque
611 2105 780 2141 fortunis
818 2108 993 2154 expertes
1030 2118 1185 2142 sumus:
1221 2116 1347 2153 neque

159 2170 338 2219 cuiquam
357 2174 534 2206 nostrum
554 2169 666 2206 licuit
685 2181 791 2206 more
811 2169 1001 2217 majorum
1021 2169 1103 2219 lege
1126 2169 1196 2217 uti,
1220 2180 1345 2217 neque
