1502 2449
117 93 168 131 40
400 95 533 133 S.4LL
544 94 700 132 USTII
736 94 1011 133 CATILINA.

115 190 305 227 sociorum
325 193 440 238 atque
459 190 612 235 civium,
630 193 829 238 praeterea
848 203 1042 228 armorum
1061 196 1177 241 atque
1192 206 1302 242 equo-

115 267 213 300 rum,
235 253 358 302 major
375 253 487 289 nobis
507 253 615 301 copia
634 266 751 301 quam
770 253 849 290 illis
868 259 937 292 est.
992 255 1068 292 Sed
1088 256 1165 292 alia
1182 257 1301 303 fuere,

116 331 214 367 quae
233 318 319 354 illos
338 330 496 365 magnos
515 317 649 364 fecere,
672 330 770 365 quae
789 318 901 355 nobis
920 319 1029 355 nulla
1048 323 1142 356 sunt
1159 333 1169 367 5
1200 321 1303 357 domi

116 381 321 422 industria,
356 381 450 416 foris
477 380 629 428 justum
659 380 879 429 imperium,
911 382 1064 418 animus
1095 383 1138 419 in
1167 396 1302 420 consu-

117 447 230 483 lendo
263 446 372 491 liber,
407 457 532 493 neque
566 444 707 480 delicto
741 458 866 493 neque
899 446 1066 484 lubidini
1103 448 1299 485 obnoxios.

117 511 195 549 Pro
214 511 275 547 his
294 523 362 545 nos
381 509 567 544 habemus
586 508 786 545 luxuriam
806 513 923 559 atque
949 512 1153 548 avaritiam
1167 526 1177 559 3
1207 513 1302 561 pub-

117 577 189 613 lice
218 578 441 624 egestatem,
468 574 653 622 privatim
684 575 923 623 opulentiam
937 589 947 622 3
978 577 1180 614 laudamus
1208 578 1304 615 divi-

117 641 203 685 tias,
227 639 426 687 sequimur
450 638 633 674 inertiam
647 651 657 685 3
689 639 794 675 inter
819 640 940 676 bonos
965 645 1005 677 et
1030 641 1150 678 malos
1176 642 1304 679 discri-

118 717 207 740 men
226 703 378 739 nullum
391 716 402 750 3
426 703 555 738 omnia
576 703 737 740 virtutis
756 705 928 752 praemia
947 706 1108 742 ambitio
1123 707 1301 755 possidet.

118 769 257 816 Neque
285 767 427 803 mirum
443 779 453 812 3
494 766 562 802 ubi
589 779 658 803 vos
686 768 893 815 separatim
924 769 998 805 sibi
1026 770 1189 820 quisque
1221 784 1305 808 con-

118 834 249 870 silium
282 832 429 881 capitis,
462 831 530 867 ubi
560 831 664 868 domi
699 833 977 881 voluptatibus,
1013 834 1075 870 hic
1107 835 1303 883 pecuniae,

117 901 187 935 aut
206 897 353 946 gratiae
373 896 528 933 servitis
543 909 554 943 ;
583 909 627 933 eo
647 897 705 943 fit,
726 901 772 933 ut
791 898 959 946 impetus
982 899 1051 934 fiat
1077 899 1118 935 in
1145 912 1304 936 vacuam

118 962 410 1010 rempublicam.
474 960 550 996 Sed
587 974 655 1010 ego
693 962 786 998 haec
825 962 971 999 omitto.
1044 962 1306 1012 Conjuravcre

118 1026 349 1063 nobilissimi
369 1026 471 1062 cives
490 1025 659 1074 patriam
679 1026 905 1073 incender03
931 1026 1130 1063 Gallorum
1151 1031 1306 1076 gentem

118 1091 406 1128 infestissimam
436 1089 585 1126 nomini
613 1090 792 1127 Romano
820 1091 869 1127 ad
897 1091 1042 1127 bellum
1076 1096 1279 1128 accersunt
1294 1106 1304 1140 3
1345 1141 1349 1146 .

119 1156 200 1192 dux
228 1155 398 1191 hostium
427 1167 544 1213 supra
571 1158 688 1203 caput
715 1159 796 1191 est:
826 1168 895 1192 vos
921 1155 1160 1192 cunctamini
1188 1156 1306 1192 etiam
1347 1171 1351 1175 ·

119 1232 233 1266 nunc,
257 1218 350 1267 quid
370 1219 475 1254 intra
494 1219 645 1255 moenia
665 1219 913 1267 deprehensis
932 1219 1110 1257 hostibus
1129 1221 1308 1257 faciatis?

120 1283 388 1320 Misereamini
408 1283 807 1332 censeo,-deliquere
833 1284 1008 1320 homines
1031 1284 1308 1321 adolescentuli

120 1363 189 1400 per
229 1349 679 1398 ambitionem,—atque
718 1350 838 1385 etiam
877 1354 1045 1386 armatos
1084 1350 1305 1388 dimittatis,

120 1415 207 1452 Nae
226 1416 302 1451 ista
320 1414 430 1450 vobis
450 1414 706 1450 mansuetudo
727 1419 765 1451 et
781 1414 1052 1461 misericordia,
1074 1415 1106 1451 si
1124 1415 1184 1451 illi
1202 1428 1310 1451 arma

121 1481 305 1530 ceperint,
326 1480 369 1516 in
388 1480 584 1516 miseriam
603 1484 740 1517 vertet.
800 1480 955 1517 Scilicet
979 1494 1040 1517 res
1066 1481 1149 1530 ipsa
1175 1493 1309 1529 aspera

121 1549 206 1593 est,-
235 1545 300 1581 sed
321 1557 389 1580 vos
414 1557 493 1580 non
518 1544 667 1580 timetis
692 1557 785 1581 eam.
845 1544 972 1581 Immo
998 1558 1089 1581 vero
1115 1545 1309 1592 maxime;

121 1609 187 1645 sed
206 1608 349 1645 inertia
368 1612 408 1644 et
427 1607 595 1644 mollitia
620 1608 742 1644 animi
768 1608 868 1645 alius
892 1609 1012 1645 alium
1041 1612 1310 1657 exspectantes

122 1672 370 1719 cunctamini,
403 1672 462 1708 dis
494 1672 779 1709 immortalibus
812 1673 956 1721 confisi,
992 1674 1059 1722 qui
1088 1673 1187 1710 hanc
1215 1686 1311 1709 rem-

122 1736 314 1785 publicam
334 1735 377 1771 in
396 1735 579 1772 maximis
605 1749 716 1785 saepe
741 1737 922 1785 periculis
947 1750 1160 1774 servavere.
1217 1736 1311 1773 Non

123 1801 225 1837 votis
261 1813 386 1849 neque
423 1801 622 1849 suppliciis
659 1801 916 1838 muliebribus
959 1802 1108 1838 auxilia
1151 1801 1310 1838 deorum

123 1867 335 1913 parantur:
373 1864 580 1913 vigilando,
610 1865 771 1914 agendo,
801 1866 900 1902 bene
933 1866 1180 1912 consulendo,
1209 1879 1311 1915 pros-

124 1940 217 1977 pera
245 1928 375 1964 omnia
404 1929 572 1966 cedunt:
601 1929 669 1966 ubi
697 1929 891 1966 secordiae
919 1933 959 1966 te
988 1935 1106 1978 atque
1135 1929 1312 1978 ignaviae

124 1991 341 2037 tradideris,
363 1993 625 2042 nequidquam
646 1993 736 2030 deos
755 1993 937 2042 implores
952 2006 963 2040 3
993 1993 1085 2029 irati
1104 1992 1312 2041 infestique

124 2058 227 2091 sunt.
295 2055 417 2103 Apud
447 2057 611 2103 majores
640 2061 793 2092 nostros
821 2056 863 2093 T.
892 2056 1068 2092 Manlius
1095 2055 1314 2104 Torquatus

126 2119 227 2155 bello
248 2118 398 2155 Gallico
417 2118 541 2156 filium
561 2132 685 2167 suum,
709 2119 811 2169 quod
832 2120 865 2156 is
885 2124 1020 2156 contra
1039 2119 1247 2168 imperium
1271 2119 1314 2155 in

126 2183 276 2220 hostem
300 2187 553 2232 pugnaverat,
575 2184 705 2220 necari
724 2183 844 2233 jussit
858 2196 870 2231 3
905 2187 1022 2233 atque
1047 2183 1113 2219 ille
1139 2182 1315 2232 egregius
