1543 2449
420 114 554 153 SALL
564 114 715 152 USTII
747 114 851 152 JUG
859 114 1055 153 URTJJA.
1271 114 1320 153 75

146 201 259 238 carne
277 201 543 245 vescebantur,
563 213 686 248 neque
705 200 822 236 salem
841 212 965 249 neque
984 200 1060 236 alia
1078 199 1321 236 irritamenta

146 265 257 314 gulae
285 264 522 313 quaerebant
534 277 544 310 3
573 264 680 300 cibus
706 264 783 300 illis
808 263 1012 300 adversum
1037 263 1179 299 famem
1204 267 1321 312 atque

146 328 263 373 sitim,
283 339 362 363 non
380 327 547 362 lubidini
566 340 690 375 neque
709 327 886 363 luxuriae
905 330 997 363 erat.

224 390 309 427 XO.
368 390 497 438 Igitur
522 390 666 436 consul,
687 391 865 426 omnibus
890 390 1111 439 exploratis,
1132 389 1244 426 credo
1263 388 1323 425 dis

128 454 271 505 'fretus
300 457 405 504 (nani
439 457 574 489 contra
605 457 735 489 tantas
768 453 1014 489 difficultates
1043 453 1201 489 consilio
1229 452 1323 489 satis

146 518 349 568 providere
374 530 451 554 non
476 521 630 566 poterat
642 530 651 563 3
680 517 822 566 quippe
844 518 961 553 etiam
984 517 1172 553 frumenti
1193 516 1324 565 inopia

147 583 384 627 tentabatur,
405 582 507 631 quod
529 581 724 618 Numidae
743 581 884 630 pabulo
903 581 1050 630 pecoris
1069 581 1190 629 magis
1209 593 1324 629 quam

148 657 240 681 arvo
277 645 446 690 student,
485 649 535 690 et,
574 645 841 693 quodcumque
877 648 1013 680 natum
1050 644 1180 680 fuerat
1211 644 1326 692 jussu

147 708 248 756 regis
274 708 316 744 in
344 708 427 744 loca
454 709 605 744 munita
633 708 889 753 contulerant,
917 720 1007 755 ager
1035 712 1165 743 autem
1194 706 1325 743 aridus

148 775 189 806 et
213 770 368 819 frugum
394 784 538 807 vacuus
567 784 612 807 ea
638 775 880 819 tempestate,
901 784 991 806 nam
1020 771 1178 807 aestatis
1203 774 1327 806 extre-

148 848 254 871 mum
274 836 391 885 erat),
420 839 551 871 tamen
569 847 639 884 pro
657 835 713 871 rei
739 834 848 883 copia
872 834 966 870 satis
991 834 1240 883 providenter
1265 846 1328 870 ex-

149 903 262 934 ornat
274 911 284 944 3
312 911 427 947 pecus
453 911 576 947 opine,
597 898 699 946 quod
719 897 981 946 superioribus
1006 897 1141 933 diebus
1163 897 1328 946 praedae

148 962 289 1007 fuerat,
326 962 522 1010 equitibus
558 961 773 997 auxiliariis
809 961 1000 1009 agendum
1043 960 1237 1006 attribuit,
1273 960 1324 997 A.

149 1023 343 1059 Manlium
370 1022 540 1070 legatum
569 1034 656 1057 cum
685 1021 906 1057 cohortibus
931 1021 1123 1070 expeditis
1148 1021 1197 1057 ad
1225 1020 1330 1069 oppi-

149 1086 241 1122 dum
267 1086 390 1132 Laris,
411 1086 478 1122 ubi
505 1085 742 1134 stipendium
769 1089 809 1121 et
837 1090 1092 1121 commeatum
1121 1085 1327 1131 locaverat,

148 1151 204 1187 ire
227 1151 363 1198 jubet,
392 1163 432 1186 se
459 1150 778 1198 praedabundum
806 1154 894 1199 post
921 1163 1063 1199 paucos
1088 1151 1170 1187 dies
1195 1151 1328 1187 eodem

132 1219 367 1259 ¹venturum.
417 1214 480 1251 Sic
498 1215 652 1264 incepto
672 1228 741 1252 suo
760 1216 953 1253 occultato
971 1216 1099 1266 pergit
1117 1216 1166 1253 ad
1184 1216 1330 1252 flumen

149 1279 304 1316 Tanam.

227 1343 335 1381 XCI.
395 1344 575 1380 Ceterum
594 1345 636 1380 in
655 1345 793 1382 itinere
814 1346 986 1394 quotidie
1005 1359 1122 1395 pecus
1142 1346 1331 1383 exercitui

149 1421 218 1456 per
242 1408 448 1454 centurias,
472 1408 565 1445 item
594 1413 742 1446 turmas
770 1410 983 1458 aequaliter
1008 1411 1271 1456 distribuerat,
1291 1414 1332 1447 et

150 1484 200 1507 ex
225 1472 337 1508 coriis
362 1476 468 1508 utres
494 1473 553 1508 uti
578 1474 716 1509 fierent
741 1475 902 1510 curabat
915 1487 924 1521 ;
953 1475 1068 1510 simul
1094 1478 1134 1511 et
1160 1475 1330 1524 inopiam

150 1534 338 1571 frumenti
362 1535 494 1580 lenire,
515 1540 555 1572 et
579 1536 723 1584 ignaris
749 1538 927 1574 omnibus
952 1551 1099 1587 parare,
1120 1551 1218 1587 quae
1240 1551 1332 1575 mox

151 1597 239 1633 usui
274 1597 412 1634 forent.
470 1598 649 1647 Denique
686 1603 796 1636 sexto
833 1600 907 1646 die,
945 1613 1065 1649 quum
1102 1601 1151 1637 ad
1187 1601 1333 1637 fiumen

150 1665 312 1698 ventum
340 1666 410 1707 est,
439 1663 610 1699 maxima
636 1663 696 1700 vis
724 1665 871 1701 utrium
900 1666 1045 1702 effecta.
1104 1665 1169 1702 Ibi
1196 1665 1332 1702 castris

151 1725 229 1761 levi
261 1726 502 1762 munimento
534 1727 682 1775 positis,
711 1719 854 1765 milites
883 1729 1011 1765 cibum
1039 1742 1185 1778 capere,
1215 1734 1332 1778 atque

151 1788 212 1823 uti
236 1788 351 1824 simul
376 1802 463 1825 cum
488 1802 624 1826 occasu
649 1791 739 1827 solis
765 1792 1050 1840 egrederentur,
1071 1797 1226 1841 paratos
1250 1807 1332 1830 esse

146 1852 262 1899 jubet
288 1853 466 1889 omnibus
494 1854 654 1890 sarcinis
681 1855 853 1903 abjectis,
881 1869 981 1904 aqua
1008 1857 1121 1893 modo
1149 1870 1265 1906 seque
1293 1862 1333 1894 et

146 1916 326 1963 jumenta
362 1928 529 1953 onerare.
602 1916 717 1964 Dein,
755 1923 960 1968 postquam
1001 1924 1154 1969 tempus
1190 1921 1329 1967 visum,

152 1979 288 2015 castris
314 1980 521 2027 egreditur,
548 1986 777 2031 noctemque
802 1987 925 2019 totam
951 1984 1090 2020 itinere
1116 1984 1220 2021 facto
1246 1997 1333 2021 con-

151 2041 274 2078 sedit:
311 2041 413 2078 idem
449 2044 626 2091 proxima
658 2045 775 2082 facit:
814 2046 904 2082 dein
936 2047 1053 2083 tertia
1085 2047 1209 2084 multo
1241 2052 1332 2085 ante

151 2103 249 2140 lucis
285 2104 497 2142 adventum
535 2108 715 2156 pervenit
752 2109 794 2145 in
832 2110 958 2146 locum
996 2111 1245 2157 tumulosum,
1284 2113 1333 2149 ab

153 2167 277 2217 Capsa
305 2182 383 2206 non
410 2171 576 2219 amplius
604 2172 724 2210 duum
753 2174 917 2211 millium
946 2175 1152 2213 intervallo
1164 2189 1175 2223 3
1202 2176 1333 2226 ibique
