1502 2449
126 66 175 102 48
408 64 545 102 SALL
554 62 706 102 USTJI
741 62 804 101 CA
813 61 1018 100 TILINA.

124 163 250 200 locum
287 167 451 212 ceperat,
484 175 573 199 eum
609 161 750 198 amissa
785 160 916 197 anima
952 173 1109 210 corpore
1141 160 1306 210 tegebat.

125 227 245 265 Pauci
264 232 406 274 autem,
428 240 522 276 quos
547 227 694 263 medios
719 226 852 263 cohors
877 227 1071 276 praetoria
1095 227 1309 275 disjecerat,

123 290 253 340 paullo
277 289 479 336 diversius,
500 289 566 326 secl
592 302 724 326 omnes
742 293 873 326 tamen
891 290 1063 326 adversis
1083 290 1311 326 vulneribus

123 355 378 392 conciderant.
437 354 608 391 Catilina
626 366 719 390 vero
738 353 849 403 longe
868 367 892 391 a
910 355 990 391 suis
1012 354 1115 390 inter
1139 353 1311 390 hostium

122 420 309 457 cadavera
328 422 504 468 repertus
523 422 591 465 est,
614 417 831 466 paullulum
857 418 975 454 etiam
1002 419 1152 467 spirans
1177 417 1310 454 feroci-

122 496 261 533 amque
279 483 411 528 animi‚
434 495 551 531 quam
570 482 759 518 habuerat
778 482 904 527 vivus,
925 482 968 518 in
987 482 1101 518 vultu
1123 481 1307 518 retinens.

123 548 323 584 Postremo
351 560 400 583 ex
428 546 533 583 omni
561 546 681 595 copia,
711 559 835 594 neque
863 546 905 583 in
932 546 1079 595 proelio
1110 559 1235 595 neque
1267 546 1311 582 in

120 612 213 660 fuga
241 611 444 660 quisquam
474 610 569 647 civis
595 610 789 659 ingenuus
814 614 950 659 captus
980 614 1061 658 est3
1096 610 1154 646 ita
1178 609 1309 646 cuncti

121 688 211 712 suae
237 674 484 723 hostiumque
502 674 608 710 vitae
631 674 751 723 juxta
775 678 1034 723 pepercerant.
1092 673 1232 722 Neque
1250 678 1304 710 ta-

121 751 210 775 men
229 738 421 774 exercitus
444 737 578 787 populi
607 738 777 774 Romani
802 738 945 774 laetam
970 741 1041 774 aut
1065 737 1310 773 incruentam

121 804 324 841 victoriam
356 805 520 853 adeptus
552 808 636 840 erat
649 818 660 851 3
701 817 792 840 nam
826 803 1116 840 strenuissimus
1148 802 1311 851 quisque

120 872 189 905 aut
216 868 407 905 occiderat
434 868 477 904 in
501 868 656 917 proelio,
688 872 757 904 aut
784 868 956 916 graviter
980 867 1208 903 vulneratus
1236 865 1311 902 dis-

121 936 295 970 cesserat.
366 932 490 969 Multi
526 936 657 968 autem
694 932 762 980 qui
799 932 845 968 de
883 931 1018 968 castris
1054 930 1206 966 visendi
1242 933 1312 967 aut

121 997 311 1047 spoliandi
338 997 465 1046 gratia
490 1001 767 1046 processerant,
795 997 996 1033 volventes
1022 995 1178 1032 hostilia
1203 995 1311 1032 cada-

121 1076 223 1111 vera,
255 1064 422 1099 amicum
450 1063 528 1109 alii,
558 1076 647 1112 pars
679 1062 871 1111 hospitem
903 1065 974 1098 aut
1006 1065 1224 1110 cognatum,
1255 1073 1310 1096 re-

121 1127 322 1178 periebant
339 1140 346 1164 :
375 1127 481 1163 suere
501 1126 606 1174 item,
629 1126 697 1175 qui
716 1126 892 1162 inimicos
911 1138 1000 1162 suos
1025 1128 1305 1174 cognoscerent.

122 1192 187 1228 Ita
201 1192 307 1228 varie
326 1205 393 1241 per
412 1205 566 1229 omnem
584 1191 799 1228 exercitum
819 1191 980 1239 laetitia,
1001 1203 1161 1237 moeror,
1182 1189 1310 1227 luctus
1349 1177 1353 1181 .

121 1260 237 1305 atque
256 1256 397 1305 gaudia
416 1256 675 1305 agitabantur.
