1543 2449
404 121 461 159 SA
471 122 537 158 LL
547 121 697 159 USTIJ
730 122 763 158 J
767 121 798 157 C
803 120 834 158 G
844 121 996 157 UBTJI
995 120 1040 158 11.
1261 122 1306 159 11

142 221 221 257 ego,
238 208 373 244 Patres
386 208 603 257 conscripti,
617 208 797 256 quoniam
813 220 857 243 eo
872 207 1111 243 miseriarum
1125 211 1312 245 venturus

142 285 256 318 eram,
277 272 415 309 vellem
437 272 567 321 potius
592 273 640 308 ob
665 284 750 308 mea
775 285 890 320 quam
919 271 967 308 ob
994 271 1180 319 majorum
1201 273 1312 308 bene-

140 335 227 371 ficia
253 348 362 384 posse
389 348 412 371 a
430 336 538 371 vobis
560 335 750 371 auxilium
770 339 911 383 petere,
932 348 976 371 ac
995 335 1162 372 maxime
1181 336 1312 372 deberi

140 397 235 433 mihi
253 410 276 433 a
287 398 428 446 populo
442 398 629 443 Romano,
643 398 783 446 quibus
797 411 875 434 non
889 411 1037 447 egerem
1051 412 1062 446 3
1089 400 1311 445 secundum,

127 473 185 504 ,ea
211 461 243 497 si
262 461 515 498 desideranda
534 466 656 507 erant,
677 462 736 498 uti
761 462 901 499 debitis
927 466 1065 500 uterer.
1124 462 1198 499 Sed
1224 476 1313 512 quo-

139 527 243 562 niam
265 539 401 575 parum
430 530 517 562 tuta
544 539 612 575 per
636 540 675 562 se
694 527 777 575 ipsa
796 527 966 575 probitas
985 530 1055 572 est,
1075 539 1198 576 neque
1216 527 1313 563 mihi

138 590 179 625 in
207 602 324 626 manu
352 589 440 635 fuit,
469 589 496 626 J
500 590 667 638 ugurtha
694 590 818 638 qualis
845 590 957 636 foret,
986 591 1035 627 ad
1056 603 1125 627 vos
1144 590 1310 639 confugi,

139 653 274 690 Patres
294 654 512 702 conscripti,
533 654 684 702 quibus,
705 654 806 703 quod
826 654 1081 690 miserrimum
1110 658 1179 700 est,
1200 667 1313 703 cogor

137 717 246 766 prius
273 717 380 753 oneri
408 730 523 766 quam
554 718 642 754 usui
672 731 762 755 esse.
821 718 949 755 Ceteri
978 731 1085 767 reges
1115 721 1185 755 aut
1212 719 1313 755 bello

138 782 233 818 victi
263 782 304 818 in
334 782 543 817 amicitiam
573 795 597 818 a
627 782 737 818 vobis
764 782 909 831 recepti
937 786 1039 827 sunt,
1068 785 1138 818 aut
1164 782 1206 818 in
1233 782 1313 818 suis

137 844 265 881 dubiis
284 845 398 880 rebus
417 845 638 880 societatem
658 849 825 880 vestram
841 845 1137 893 appetiverunt3
1165 845 1313 881 familia

137 912 270 945 nostra
289 921 375 944 cum
395 908 536 956 populo
560 907 737 943 Romano
762 908 862 943 bello
889 907 1198 956 Carthaginiensi
1222 908 1313 944 ami-

136 973 268 1009 citiam
297 973 482 1017 instituit,
512 985 587 1020 quo
615 976 787 1020 tempore
815 972 937 1020 magis
964 972 1059 1008 fides
1087 972 1170 1020 ejus
1197 985 1312 1020 quam

136 1037 293 1073 fortuna
311 1036 478 1084 petenda
496 1040 588 1072 erat.
647 1036 818 1080 Quorum
838 1036 1057 1084 progeniem
1076 1049 1155 1081 vos,
1177 1035 1313 1072 Patres

136 1099 354 1148 conscripti,
374 1099 494 1135 nolite
513 1099 595 1148 pati
614 1112 686 1144 me,
702 1103 881 1147 nepotem
902 1099 1142 1144 Masinissae,
1163 1099 1309 1136 frustra

135 1178 158 1201 a
187 1165 296 1200 vobis
328 1164 518 1200 auxilium
548 1168 688 1212 petere.
747 1164 788 1200 Si
825 1164 874 1200 ad
901 1164 1187 1212 impetrandum
1215 1164 1313 1200 nihil

135 1241 290 1264 caussae
318 1228 497 1264 haberem
523 1231 677 1276 praeter
698 1227 954 1264 miserandam
980 1228 1189 1274 fortunam,
1210 1228 1313 1277 quod

134 1291 264 1340 paullo
283 1294 373 1327 ante
392 1303 473 1336 rex,
489 1304 638 1339 genere,
655 1291 760 1327 fama
777 1294 893 1340 atque
909 1291 1027 1340 copiis
1045 1295 1193 1340 potens,
1209 1304 1313 1328 nunc

134 1355 373 1391 deformatus
392 1355 598 1399 aerumnis,
620 1355 742 1403 inops,
763 1355 908 1391 alienas
932 1368 1022 1403 opes
1047 1359 1239 1404 exspecto,
1258 1359 1313 1392 ta-

134 1431 223 1454 men
242 1422 325 1455 erat
343 1419 557 1466 majestatis
569 1419 702 1467 populi
715 1419 883 1455 Romani
897 1419 1099 1468 prohibere
1117 1419 1311 1467 injuriam,

135 1494 258 1530 neque
294 1481 377 1530 pati
415 1482 641 1530 cujusquam
679 1495 840 1530 regnum
877 1495 945 1531 per
981 1483 1104 1519 scelus
1133 1495 1310 1519 crescere.

135 1545 285 1580 Verum
313 1558 382 1593 ego
409 1545 470 1581 his
499 1546 641 1582 finibus
673 1546 818 1593 ejectus
851 1559 947 1592 sum,
976 1559 1072 1595 quos
1103 1547 1313 1594 majoribus

134 1609 229 1645 meis
248 1610 414 1658 populus
435 1610 635 1646 Romanus
654 1610 772 1655 dedit,
794 1610 896 1647 unde
914 1615 1025 1659 pater
1052 1615 1092 1648 et
1113 1624 1209 1648 avus
1235 1624 1313 1647 una

133 1671 332 1707 vobiscum
378 1673 560 1720 expulere
608 1672 821 1721 Syphacem
873 1677 913 1709 et
963 1673 1309 1722 Carthaginienses.

135 1735 279 1771 Vestra
297 1736 482 1772 beneficia
506 1737 603 1772 mihi
631 1741 764 1785 erepta
793 1741 895 1783 sunt,
917 1737 1055 1774 Patres
1081 1738 1289 1786 conscripti
1302 1751 1312 1784 ;

134 1810 202 1833 vos
222 1798 263 1834 in
281 1798 425 1846 injuria
444 1812 529 1835 mea
548 1799 719 1848 despecti
739 1800 840 1837 estis.
900 1800 1011 1837 Eheu
1027 1813 1087 1836 me
1106 1800 1288 1836 miserum
1305 1802 1312 1836 ἔ

135 1862 325 1908 Huccine,
350 1862 517 1911 Micipsa
544 1867 665 1912 pater,
690 1864 876 1900 beneficia
905 1877 1071 1909 evasere,
1098 1864 1169 1909 uti,
1198 1877 1312 1913 quem

134 1932 178 1963 tu
205 1940 336 1976 parem
362 1941 448 1964 cum
477 1929 608 1965 liberis
627 1929 706 1965 tuis
724 1930 908 1978 regnique
927 1930 1153 1978 participem
1172 1929 1310 1974 fecisti,

134 1991 167 2027 is
185 1991 428 2039 potissimum
448 1992 579 2040 stirpis
598 1996 689 2028 tuae
705 1994 900 2030 extinctor
919 1994 995 2031 sitit
1048 1994 1311 2042 Nunquamne

133 2067 222 2103 ergo
241 2054 390 2091 familia
408 2060 543 2091 nostra
560 2056 691 2104 quieta
711 2057 809 2093 erit?
837 2070 1034 2106 semperne
1053 2057 1094 2093 in
1113 2057 1310 2105 sanguine,

133 2119 247 2164 ferm,
276 2118 369 2167 fuga
396 2119 660 2156 versabimurZ
714 2119 819 2156 Dum
849 2120 1185 2169 Carthaginienses
1212 2119 1311 2155 inco-

134 2183 256 2220 lumes
274 2183 392 2228 fuere,
409 2183 497 2231 jure
517 2184 646 2221 omnia
671 2197 785 2221 saeva
814 2185 1077 2235 patiebamur:
1106 2184 1235 2221 hostes
1262 2183 1311 2220 ab
