<?xml version="1.0" encoding="UTF-8"?>
<!DOCTYPE html PUBLIC "-//W3C//DTD XHTML 1.0 Transitional//EN"
    "http://www.w3.org/TR/xhtml1/DTD/xhtml1-transitional.dtd">
<html xmlns="http://www.w3.org/1999/xhtml" xml:lang="en" lang="en">
 <head>
  <title>
</title>
<meta http-equiv="Content-Type" content="text/html;charset=utf-8" />
  <meta name='ocr-system' content='tesseract 3.04.00' />
  <meta name='ocr-capabilities' content='ocr_page ocr_carea ocr_par ocr_line ocrx_word'/>
</head>
<body>
  <div class='ocr_page' id='page_1' title='image "./catilinaetjugurt00salluoft_0041.png"; bbox 0 0 1502 2449; ppageno 0'>
   <div class='ocr_carea' id='block_1_1' title="bbox 460 139 1347 182">
    <p class='ocr_par' dir='ltr' id='par_1_1' title="bbox 460 139 1347 182">
     <span class='ocr_line' id='line_1_1' title="bbox 460 139 1347 182; baseline -0.002 -1"><span class='ocrx_word' id='word_1_1' title='bbox 460 139 591 181; x_wconf 78' lang='lat' dir='ltr'><em>SALL</em></span> <span class='ocrx_word' id='word_1_2' title='bbox 600 141 751 181; x_wconf 74' lang='lat' dir='ltr'><em>USTJJ</em></span> <span class='ocrx_word' id='word_1_3' title='bbox 784 142 844 182; x_wconf 77' lang='lat' dir='ltr'>CA</span> <span class='ocrx_word' id='word_1_4' title='bbox 856 142 1055 180; x_wconf 77' lang='lat' dir='ltr'><em>TJLJNA.</em></span> <span class='ocrx_word' id='word_1_5' title='bbox 1326 143 1347 179; x_wconf 88' lang='lat'><strong>9</strong></span> 
     </span>
    </p>
   </div>
   <div class='ocr_carea' id='block_1_2' title="bbox 122 243 1351 2308">
    <p class='ocr_par' dir='ltr' id='par_1_2' title="bbox 170 243 1349 423">
     <span class='ocr_line' id='line_1_2' title="bbox 171 243 1349 296; baseline -0.001 -14"><span class='ocrx_word' id='word_1_6' title='bbox 171 259 239 296; x_wconf 88' lang='lat' dir='ltr'>per</span> <span class='ocrx_word' id='word_1_7' title='bbox 275 259 467 283; x_wconf 85' lang='lat' dir='ltr'>summum</span> <span class='ocrx_word' id='word_1_8' title='bbox 498 247 619 284; x_wconf 84' lang='lat' dir='ltr'>scelus</span> <span class='ocrx_word' id='word_1_9' title='bbox 652 248 780 284; x_wconf 83' lang='lat' dir='ltr'>onmia</span> <span class='ocrx_word' id='word_1_10' title='bbox 810 260 854 284; x_wconf 85' lang='lat' dir='ltr'>ea</span> <span class='ocrx_word' id='word_1_11' title='bbox 886 247 996 284; x_wconf 90' lang='lat' dir='ltr'>sociis</span> <span class='ocrx_word' id='word_1_12' title='bbox 1034 243 1211 292; x_wconf 63' lang='lat' dir='ltr'>adimere,</span> <span class='ocrx_word' id='word_1_13' title='bbox 1251 258 1349 294; x_wconf 83' lang='lat' dir='ltr'>quae</span> 
     </span>
     <span class='ocr_line' id='line_1_3' title="bbox 170 309 1347 359; baseline 0 -14"><span class='ocrx_word' id='word_1_14' title='bbox 170 309 370 346; x_wconf 87' lang='lat' dir='ltr'>fortissimi</span> <span class='ocrx_word' id='word_1_15' title='bbox 397 310 473 346; x_wconf 84' lang='lat' dir='ltr'>viri</span> <span class='ocrx_word' id='word_1_16' title='bbox 502 311 666 347; x_wconf 84' lang='lat' dir='ltr'>victores</span> <span class='ocrx_word' id='word_1_17' title='bbox 697 311 872 347; x_wconf 73' lang='lat' dir='ltr'><strong>hostibus</strong></span> <span class='ocrx_word' id='word_1_18' title='bbox 903 311 1141 359; x_wconf 83' lang='lat' dir='ltr'>reliquerant</span> <span class='ocrx_word' id='word_1_19' title='bbox 1150 323 1159 356; x_wconf 79' lang='lat'><em>3</em></span> <span class='ocrx_word' id='word_1_20' title='bbox 1186 309 1347 358; x_wconf 84' lang='lat' dir='ltr'>proinde</span> 
     </span>
     <span class='ocr_line' id='line_1_4' title="bbox 171 373 1244 423; baseline 0 -13"><span class='ocrx_word' id='word_1_21' title='bbox 171 374 281 423; x_wconf 78' lang='lat' dir='ltr'>quasi</span> <span class='ocrx_word' id='word_1_22' title='bbox 300 374 482 422; x_wconf 81' lang='lat' dir='ltr'>iujuriam</span> <span class='ocrx_word' id='word_1_23' title='bbox 504 374 625 410; x_wconf 76' lang='lat' dir='ltr'>facere</span> <span class='ocrx_word' id='word_1_24' title='bbox 645 375 684 410; x_wconf 91' lang='lat' dir='ltr'>id</span> <span class='ocrx_word' id='word_1_25' title='bbox 704 374 858 410; x_wconf 86' lang='lat' dir='ltr'>demum</span> <span class='ocrx_word' id='word_1_26' title='bbox 878 379 976 411; x_wconf 87' lang='lat' dir='ltr'>esset</span> <span class='ocrx_word' id='word_1_27' title='bbox 995 374 1155 423; x_wconf 74' lang='lat' dir='ltr'>imperio</span> <span class='ocrx_word' id='word_1_28' title='bbox 1176 373 1244 410; x_wconf 90' lang='lat' dir='ltr'>uti.</span> 
     </span>
    </p>

    <p class='ocr_par' dir='ltr' id='par_1_3' title="bbox 122 434 1351 1330">
     <span class='ocr_line' id='line_1_5' title="bbox 250 434 1351 486; baseline -0.003 -13"><span class='ocrx_word' id='word_1_29' title='bbox 250 437 373 474; x_wconf 87' lang='lat' dir='ltr'>XIII.</span> <span class='ocrx_word' id='word_1_30' title='bbox 432 437 536 473; x_wconf 80' lang='lat' dir='ltr'>Nam</span> <span class='ocrx_word' id='word_1_31' title='bbox 556 437 649 485; x_wconf 90' lang='lat' dir='ltr'>quid</span> <span class='ocrx_word' id='word_1_32' title='bbox 669 450 714 473; x_wconf 89' lang='lat' dir='ltr'>ea</span> <span class='ocrx_word' id='word_1_33' title='bbox 732 450 951 483; x_wconf 79' lang='lat' dir='ltr'>memorem,</span> <span class='ocrx_word' id='word_1_34' title='bbox 976 450 1073 486; x_wconf 80' lang='lat' dir='ltr'>quae</span> <span class='ocrx_word' id='word_1_35' title='bbox 1099 435 1175 471; x_wconf 86' lang='lat' dir='ltr'>nisi</span> <span class='ocrx_word' id='word_1_36' title='bbox 1200 434 1261 471; x_wconf 90' lang='lat' dir='ltr'>his</span> <span class='ocrx_word' id='word_1_37' title='bbox 1285 434 1351 483; x_wconf 91' lang='lat' dir='ltr'>qui</span> 
     </span>
     <span class='ocr_line' id='line_1_6' title="bbox 122 490 1351 550; baseline -0.002 -13"><span class='ocrx_word' id='word_1_38' title='bbox 122 490 127 497; x_wconf 52' lang='grc'>’</span> <span class='ocrx_word' id='word_1_39' title='bbox 169 502 302 539; x_wconf 78' lang='lat' dir='ltr'>videre</span> <span class='ocrx_word' id='word_1_40' title='bbox 328 502 474 538; x_wconf 88' lang='lat' dir='ltr'>nemini</span> <span class='ocrx_word' id='word_1_41' title='bbox 499 503 698 538; x_wconf 79' lang='lat' dir='ltr'>credibilia</span> <span class='ocrx_word' id='word_1_42' title='bbox 724 506 826 547; x_wconf 87' lang='lat' dir='ltr'>sunt,</span> <span class='ocrx_word' id='word_1_43' title='bbox 854 515 877 538; x_wconf 86' lang='lat' dir='ltr'>a</span> <span class='ocrx_word' id='word_1_44' title='bbox 902 495 1065 550; x_wconf 83' lang='lat' dir='ltr'>privatis</span> <span class='ocrx_word' id='word_1_45' title='bbox 1091 499 1351 549; x_wconf 82' lang='lat' dir='ltr'><strong>compluribus</strong></span> 
     </span>
     <span class='ocr_line' id='line_1_7' title="bbox 170 563 1350 614; baseline -0.004 -11"><span class='ocrx_word' id='word_1_46' title='bbox 170 568 373 603; x_wconf 85' lang='lat' dir='ltr'>subversos</span> <span class='ocrx_word' id='word_1_47' title='bbox 393 571 553 613; x_wconf 83' lang='lat' dir='ltr'>montes,</span> <span class='ocrx_word' id='word_1_48' title='bbox 574 567 696 603; x_wconf 79' lang='lat' dir='ltr'>maria</span> <span class='ocrx_word' id='word_1_49' title='bbox 715 571 936 603; x_wconf 83' lang='lat' dir='ltr'>constructa</span> <span class='ocrx_word' id='word_1_50' title='bbox 955 579 1035 602; x_wconf 92' lang='lat' dir='ltr'>esse</span> <span class='ocrx_word' id='word_1_51' title='bbox 1053 579 1059 602; x_wconf 91' lang='lat'>:</span> <span class='ocrx_word' id='word_1_52' title='bbox 1088 565 1229 614; x_wconf 88' lang='lat' dir='ltr'>quibus</span> <span class='ocrx_word' id='word_1_53' title='bbox 1253 563 1350 599; x_wconf 89' lang='lat' dir='ltr'>mihi</span> 
     </span>
     <span class='ocr_line' id='line_1_8' title="bbox 170 629 1351 680; baseline -0.003 -12"><span class='ocrx_word' id='word_1_54' title='bbox 170 633 354 669; x_wconf 86' lang='lat' dir='ltr'>videntur</span> <span class='ocrx_word' id='word_1_55' title='bbox 376 633 543 669; x_wconf 86' lang='lat' dir='ltr'>ludibrio</span> <span class='ocrx_word' id='word_1_56' title='bbox 564 633 680 669; x_wconf 83' lang='lat' dir='ltr'>fuisse</span> <span class='ocrx_word' id='word_1_57' title='bbox 700 633 884 679; x_wconf 79' lang='lat' dir='ltr'>divitiae3</span> <span class='ocrx_word' id='word_1_58' title='bbox 914 632 1056 680; x_wconf 81' lang='lat' dir='ltr'>quippe</span> <span class='ocrx_word' id='word_1_59' title='bbox 1076 643 1172 679; x_wconf 80' lang='lat' dir='ltr'>quas</span> <span class='ocrx_word' id='word_1_60' title='bbox 1190 629 1351 665; x_wconf 87' lang='lat' dir='ltr'>honeste</span> 
     </span>
     <span class='ocr_line' id='line_1_9' title="bbox 168 694 1346 746; baseline -0.003 -13"><span class='ocrx_word' id='word_1_61' title='bbox 168 698 309 734; x_wconf 81' lang='lat' dir='ltr'>habere</span> <span class='ocrx_word' id='word_1_62' title='bbox 338 698 487 734; x_wconf 41' lang='lat' dir='ltr'>licebat*</span> <span class='ocrx_word' id='word_1_63' title='bbox 510 698 621 733; x_wconf 85' lang='lat' dir='ltr'>abuti</span> <span class='ocrx_word' id='word_1_64' title='bbox 652 710 721 746; x_wconf 90' lang='lat' dir='ltr'>per</span> <span class='ocrx_word' id='word_1_65' title='bbox 754 697 1040 746; x_wconf 74' lang='lat' dir='ltr'>turpitudinem</span> <span class='ocrx_word' id='word_1_66' title='bbox 1078 694 1346 744; x_wconf 76' lang='lat' dir='ltr'>properabant.</span> 
     </span>
     <span class='ocr_line' id='line_1_10' title="bbox 170 759 1348 810; baseline -0.003 -12"><span class='ocrx_word' id='word_1_67' title='bbox 170 762 245 799; x_wconf 82' lang='lat' dir='ltr'>Sed</span> <span class='ocrx_word' id='word_1_68' title='bbox 273 762 406 798; x_wconf 87' lang='lat' dir='ltr'>lubido</span> <span class='ocrx_word' id='word_1_69' title='bbox 433 775 589 810; x_wconf 79' lang='lat' dir='ltr'>ganeae,</span> <span class='ocrx_word' id='word_1_70' title='bbox 619 762 813 810; x_wconf 86' lang='lat' dir='ltr'>ceterique</span> <span class='ocrx_word' id='word_1_71' title='bbox 842 762 981 807; x_wconf 86' lang='lat' dir='ltr'>cultus,</span> <span class='ocrx_word' id='word_1_72' title='bbox 1012 774 1090 797; x_wconf 89' lang='lat' dir='ltr'>non</span> <span class='ocrx_word' id='word_1_73' title='bbox 1127 760 1255 796; x_wconf 85' lang='lat' dir='ltr'>minor</span> <span class='ocrx_word' id='word_1_74' title='bbox 1291 759 1348 794; x_wconf 89' lang='lat' dir='ltr'>in-</span> 
     </span>
     <span class='ocr_line' id='line_1_11' title="bbox 169 824 1350 874; baseline -0.003 -12"><span class='ocrx_word' id='word_1_75' title='bbox 169 830 333 863; x_wconf 79' lang='lat' dir='ltr'>cesserat</span> <span class='ocrx_word' id='word_1_76' title='bbox 348 826 589 873; x_wconf 61' lang='lat' dir='ltr'>:..„vescendi</span> <span class='ocrx_word' id='word_1_77' title='bbox 609 839 742 862; x_wconf 80' lang='lat' dir='ltr'>caussa</span> <span class='ocrx_word' id='word_1_78' title='bbox 760 831 865 862; x_wconf 84' lang='lat' dir='ltr'>terra</span> <span class='ocrx_word' id='word_1_79' title='bbox 884 826 1057 874; x_wconf 82' lang='lat' dir='ltr'>marique</span> <span class='ocrx_word' id='word_1_80' title='bbox 1078 825 1207 861; x_wconf 82' lang='lat' dir='ltr'>onmia</span> <span class='ocrx_word' id='word_1_81' title='bbox 1219 824 1350 873; x_wconf 78' lang='lat' dir='ltr'>exqui-</span> 
     </span>
     <span class='ocr_line' id='line_1_12' title="bbox 169 888 1349 939; baseline -0.003 -12"><span class='ocrx_word' id='word_1_82' title='bbox 169 902 252 927; x_wconf 83' lang='lat' dir='ltr'>rere</span> <span class='ocrx_word' id='word_1_83' title='bbox 266 904 275 937; x_wconf 67' lang='grc'>,-</span> <span class='ocrx_word' id='word_1_84' title='bbox 313 888 479 926; x_wconf 88' lang='lat' dir='ltr'>dormire</span> <span class='ocrx_word' id='word_1_85' title='bbox 512 890 619 938; x_wconf 87' lang='lat' dir='ltr'>prius</span> <span class='ocrx_word' id='word_1_86' title='bbox 645 903 761 939; x_wconf 89' lang='lat' dir='ltr'>quam</span> <span class='ocrx_word' id='word_1_87' title='bbox 790 891 915 927; x_wconf 87' lang='lat' dir='ltr'>somni</span> <span class='ocrx_word' id='word_1_88' title='bbox 944 890 1084 939; x_wconf 87' lang='lat' dir='ltr'>cupido</span> <span class='ocrx_word' id='word_1_89' title='bbox 1112 893 1234 936; x_wconf 67' lang='lat' dir='ltr'>esset,</span> <span class='ocrx_word' id='word_1_90' title='bbox 1271 901 1349 925; x_wconf 86' lang='lat' dir='ltr'>non</span> 
     </span>
     <span class='ocr_line' id='line_1_13' title="bbox 168 954 1349 1004; baseline -0.001 -14"><span class='ocrx_word' id='word_1_91' title='bbox 168 955 311 991; x_wconf 78' lang='lat' dir='ltr'>famem</span> <span class='ocrx_word' id='word_1_92' title='bbox 338 959 408 991; x_wconf 86' lang='lat' dir='ltr'>aut</span> <span class='ocrx_word' id='word_1_93' title='bbox 440 955 557 1000; x_wconf 84' lang='lat' dir='ltr'>sitim,</span> <span class='ocrx_word' id='word_1_94' title='bbox 597 968 721 1004; x_wconf 87' lang='lat' dir='ltr'>neque</span> <span class='ocrx_word' id='word_1_95' title='bbox 759 955 882 1003; x_wconf 78' lang='lat' dir='ltr'>frigus</span> <span class='ocrx_word' id='word_1_96' title='bbox 919 968 1044 1004; x_wconf 88' lang='lat' dir='ltr'>neque</span> <span class='ocrx_word' id='word_1_97' title='bbox 1080 954 1349 990; x_wconf 79' lang='lat' dir='ltr'>lassitudinem</span> 
     </span>
     <span class='ocr_line' id='line_1_14' title="bbox 167 1020 1350 1070; baseline -0.001 -14"><span class='ocrx_word' id='word_1_98' title='bbox 167 1020 345 1068; x_wconf 88' lang='lat' dir='ltr'>opperiri,</span> <span class='ocrx_word' id='word_1_99' title='bbox 367 1020 432 1056; x_wconf 82' lang='lat' dir='ltr'>sed</span> <span class='ocrx_word' id='word_1_100' title='bbox 453 1033 496 1055; x_wconf 83' lang='lat' dir='ltr'>ea</span> <span class='ocrx_word' id='word_1_101' title='bbox 515 1021 646 1057; x_wconf 85' lang='lat' dir='ltr'>omnia</span> <span class='ocrx_word' id='word_1_102' title='bbox 664 1021 762 1056; x_wconf 83' lang='lat' dir='ltr'>luxu</span> <span class='ocrx_word' id='word_1_103' title='bbox 782 1025 1023 1070; x_wconf 80' lang='lat' dir='ltr'>antecapere.</span> <span class='ocrx_word' id='word_1_104' title='bbox 1080 1020 1191 1056; x_wconf 85' lang='lat' dir='ltr'>Haec</span> <span class='ocrx_word' id='word_1_105' title='bbox 1213 1020 1350 1068; x_wconf 90' lang='lat' dir='ltr'>juven—</span> 
     </span>
     <span class='ocr_line' id='line_1_15' title="bbox 166 1084 1350 1134; baseline -0.001 -13"><span class='ocrx_word' id='word_1_106' title='bbox 166 1089 303 1131; x_wconf 89' lang='lat' dir='ltr'>tutem,</span> <span class='ocrx_word' id='word_1_107' title='bbox 325 1085 393 1121; x_wconf 87' lang='lat' dir='ltr'>ubi</span> <span class='ocrx_word' id='word_1_108' title='bbox 412 1085 619 1122; x_wconf 77' lang='lat' dir='ltr'>familiares</span> <span class='ocrx_word' id='word_1_109' title='bbox 643 1098 733 1134; x_wconf 87' lang='lat' dir='ltr'>opes</span> <span class='ocrx_word' id='word_1_110' title='bbox 759 1086 990 1131; x_wconf 70' lang='lat' dir='ltr'>defecerant,</span> <span class='ocrx_word' id='word_1_111' title='bbox 1018 1086 1066 1122; x_wconf 88' lang='lat' dir='ltr'>ad</span> <span class='ocrx_word' id='word_1_112' title='bbox 1097 1085 1269 1121; x_wconf 76' lang='lat' dir='ltr'>facinora</span> <span class='ocrx_word' id='word_1_113' title='bbox 1293 1084 1350 1120; x_wconf 91' lang='lat' dir='ltr'>in-</span> 
     </span>
     <span class='ocr_line' id='line_1_16' title="bbox 165 1150 1350 1188; baseline -0.001 -1"><span class='ocrx_word' id='word_1_114' title='bbox 165 1151 390 1187; x_wconf 83' lang='lat' dir='ltr'>cendebant.</span> <span class='ocrx_word' id='word_1_115' title='bbox 448 1151 620 1188; x_wconf 87' lang='lat' dir='ltr'>Animus</span> <span class='ocrx_word' id='word_1_116' title='bbox 634 1151 809 1188; x_wconf 86' lang='lat' dir='ltr'>imbutus</span> <span class='ocrx_word' id='word_1_117' title='bbox 828 1152 941 1188; x_wconf 87' lang='lat' dir='ltr'>malis</span> <span class='ocrx_word' id='word_1_118' title='bbox 956 1151 1105 1187; x_wconf 87' lang='lat' dir='ltr'>artibus</span> <span class='ocrx_word' id='word_1_119' title='bbox 1120 1150 1225 1186; x_wconf 83' lang='lat' dir='ltr'>haud</span> <span class='ocrx_word' id='word_1_120' title='bbox 1240 1150 1350 1186; x_wconf 83' lang='lat' dir='ltr'>facile</span> 
     </span>
     <span class='ocr_line' id='line_1_17' title="bbox 166 1211 1348 1268; baseline 0 -16"><span class='ocrx_word' id='word_1_121' title='bbox 166 1215 405 1252; x_wconf 81' lang='lat' dir='ltr'>lubidinibus</span> <span class='ocrx_word' id='word_1_122' title='bbox 425 1217 596 1263; x_wconf 72' lang='lat' dir='ltr'>carebat,</span> <span class='ocrx_word' id='word_1_123' title='bbox 625 1229 669 1252; x_wconf 93' lang='lat' dir='ltr'>eo</span> <span class='ocrx_word' id='word_1_124' title='bbox 689 1216 886 1265; x_wconf 83' lang='lat' dir='ltr'>profusius</span> <span class='ocrx_word' id='word_1_125' title='bbox 902 1217 1080 1252; x_wconf 87' lang='lat' dir='ltr'>omnibus</span> <span class='ocrx_word' id='word_1_126' title='bbox 1094 1215 1218 1252; x_wconf 87' lang='lat' dir='ltr'>modis</span> <span class='ocrx_word' id='word_1_127' title='bbox 1234 1211 1348 1268; x_wconf 60' lang='lat' dir='ltr'>quae-</span> 
     </span>
     <span class='ocr_line' id='line_1_18' title="bbox 166 1280 863 1330; baseline 0.003 -13"><span class='ocrx_word' id='word_1_128' title='bbox 166 1281 246 1318; x_wconf 87' lang='lat' dir='ltr'>stui</span> <span class='ocrx_word' id='word_1_129' title='bbox 265 1285 382 1330; x_wconf 82' lang='lat' dir='ltr'>atque</span> <span class='ocrx_word' id='word_1_130' title='bbox 402 1280 577 1330; x_wconf 77' lang='lat' dir='ltr'>sumptui</span> <span class='ocrx_word' id='word_1_131' title='bbox 596 1282 751 1318; x_wconf 87' lang='lat' dir='ltr'>deditus</span> <span class='ocrx_word' id='word_1_132' title='bbox 770 1287 863 1320; x_wconf 86' lang='lat' dir='ltr'>erat.</span> 
     </span>
    </p>

    <p class='ocr_par' dir='ltr' id='par_1_4' title="bbox 164 1346 1349 2308">
     <span class='ocr_line' id='line_1_19' title="bbox 245 1346 1346 1396; baseline 0 -14"><span class='ocrx_word' id='word_1_133' title='bbox 245 1346 363 1383; x_wconf 91' lang='lat' dir='ltr'>XIV.</span> <span class='ocrx_word' id='word_1_134' title='bbox 423 1347 473 1382; x_wconf 92' lang='lat' dir='ltr'>In</span> <span class='ocrx_word' id='word_1_135' title='bbox 492 1349 605 1383; x_wconf 87' lang='lat' dir='ltr'>tanta</span> <span class='ocrx_word' id='word_1_136' title='bbox 619 1351 776 1396; x_wconf 86' lang='lat' dir='ltr'>tamque</span> <span class='ocrx_word' id='word_1_137' title='bbox 792 1350 975 1396; x_wconf 82' lang='lat' dir='ltr'>corrupta</span> <span class='ocrx_word' id='word_1_138' title='bbox 991 1347 1149 1383; x_wconf 86' lang='lat' dir='ltr'>civitate</span> <span class='ocrx_word' id='word_1_139' title='bbox 1166 1346 1346 1392; x_wconf 72' lang='lat' dir='ltr'>Catilina,</span> 
     </span>
     <span class='ocr_line' id='line_1_20' title="bbox 165 1411 1349 1461; baseline 0 -13"><span class='ocrx_word' id='word_1_140' title='bbox 165 1412 206 1448; x_wconf 92' lang='lat' dir='ltr'>id</span> <span class='ocrx_word' id='word_1_141' title='bbox 243 1412 346 1460; x_wconf 88' lang='lat' dir='ltr'>quod</span> <span class='ocrx_word' id='word_1_142' title='bbox 383 1411 488 1450; x_wconf 84' lang='lat' dir='ltr'>factu</span> <span class='ocrx_word' id='word_1_143' title='bbox 527 1411 757 1448; x_wconf 85' lang='lat' dir='ltr'>facillimum</span> <span class='ocrx_word' id='word_1_144' title='bbox 786 1417 879 1459; x_wconf 82' lang='lat' dir='ltr'>erat,</span> <span class='ocrx_word' id='word_1_145' title='bbox 912 1414 1086 1449; x_wconf 88' lang='lat' dir='ltr'>omnium</span> <span class='ocrx_word' id='word_1_146' title='bbox 1114 1412 1349 1461; x_wconf 80' lang='lat' dir='ltr'>flagitiorum</span> 
     </span>
     <span class='ocr_line' id='line_1_21' title="bbox 165 1477 1347 1526; baseline -0.001 -13"><span class='ocrx_word' id='word_1_147' title='bbox 165 1482 282 1526; x_wconf 87' lang='lat' dir='ltr'>atque</span> <span class='ocrx_word' id='word_1_148' title='bbox 301 1477 518 1513; x_wconf 73' lang='lat' dir='ltr'>facinorum</span> <span class='ocrx_word' id='word_1_149' title='bbox 544 1478 689 1514; x_wconf 88' lang='lat' dir='ltr'>circum</span> <span class='ocrx_word' id='word_1_150' title='bbox 715 1491 764 1524; x_wconf 81' lang='lat' dir='ltr'>se,</span> <span class='ocrx_word' id='word_1_151' title='bbox 794 1482 981 1526; x_wconf 76' lang='lat' dir='ltr'>tanquam</span> <span class='ocrx_word' id='word_1_152' title='bbox 1012 1477 1255 1526; x_wconf 83' lang='lat' dir='ltr'>stipatorum,</span> <span class='ocrx_word' id='word_1_153' title='bbox 1288 1489 1347 1513; x_wconf 88' lang='lat' dir='ltr'>ca-</span> 
     </span>
     <span class='ocr_line' id='line_1_22' title="bbox 166 1542 1346 1594; baseline -0.001 -15"><span class='ocrx_word' id='word_1_154' title='bbox 166 1547 294 1579; x_wconf 86' lang='lat' dir='ltr'>tervas</span> <span class='ocrx_word' id='word_1_155' title='bbox 313 1543 489 1579; x_wconf 87' lang='lat' dir='ltr'>habebat.</span> <span class='ocrx_word' id='word_1_156' title='bbox 549 1542 654 1579; x_wconf 87' lang='lat' dir='ltr'>Nam</span> <span class='ocrx_word' id='word_1_157' title='bbox 674 1544 906 1592; x_wconf 82' lang='lat' dir='ltr'>quicumque</span> <span class='ocrx_word' id='word_1_158' title='bbox 929 1543 1157 1594; x_wconf 79' lang='lat' dir='ltr'>impudicus,</span> <span class='ocrx_word' id='word_1_159' title='bbox 1183 1542 1346 1588; x_wconf 83' lang='lat' dir='ltr'>adulter,</span> 
     </span>
     <span class='ocr_line' id='line_1_23' title="bbox 165 1608 1349 1660; baseline 0.001 -16"><span class='ocrx_word' id='word_1_160' title='bbox 165 1608 610 1660; x_wconf 14' lang='lat' dir='ltr'>ganeo,...b0naqpatria</span> <span class='ocrx_word' id='word_1_161' title='bbox 637 1609 882 1655; x_wconf 79' lang='lat' dir='ltr'>laceraverat,</span> <span class='ocrx_word' id='word_1_162' title='bbox 914 1609 1057 1658; x_wconf 89' lang='lat' dir='ltr'>quique</span> <span class='ocrx_word' id='word_1_163' title='bbox 1087 1609 1258 1644; x_wconf 87' lang='lat' dir='ltr'>alienum</span> <span class='ocrx_word' id='word_1_164' title='bbox 1285 1620 1349 1647; x_wconf 79' lang='lat' dir='ltr'>aes</span> 
     </span>
     <span class='ocr_line' id='line_1_24' title="bbox 165 1672 1349 1722; baseline 0.001 -14"><span class='ocrx_word' id='word_1_165' title='bbox 165 1672 309 1721; x_wconf 78' lang='lat' dir='ltr'>grande</span> <span class='ocrx_word' id='word_1_166' title='bbox 329 1674 572 1720; x_wconf 79' lang='lat' dir='ltr'>conflaverat,</span> <span class='ocrx_word' id='word_1_167' title='bbox 601 1686 677 1722; x_wconf 90' lang='lat' dir='ltr'>quo</span> <span class='ocrx_word' id='word_1_168' title='bbox 702 1674 895 1722; x_wconf 81' lang='lat' dir='ltr'>flagitium</span> <span class='ocrx_word' id='word_1_169' title='bbox 921 1678 991 1710; x_wconf 86' lang='lat' dir='ltr'>aut</span> <span class='ocrx_word' id='word_1_170' title='bbox 1015 1674 1166 1710; x_wconf 87' lang='lat' dir='ltr'>facinus</span> <span class='ocrx_word' id='word_1_171' title='bbox 1191 1673 1349 1709; x_wconf 88' lang='lat' dir='ltr'>redime-</span> 
     </span>
     <span class='ocr_line' id='line_1_25' title="bbox 165 1736 1346 1787; baseline -0.002 -13"><span class='ocrx_word' id='word_1_172' title='bbox 165 1741 235 1783; x_wconf 86' lang='lat' dir='ltr'>ret,</span> <span class='ocrx_word' id='word_1_173' title='bbox 275 1742 483 1786; x_wconf 81' lang='lat' dir='ltr'>praeterea,</span> <span class='ocrx_word' id='word_1_174' title='bbox 523 1751 656 1774; x_wconf 80' lang='lat' dir='ltr'>omnes</span> <span class='ocrx_word' id='word_1_175' title='bbox 692 1739 864 1787; x_wconf 91' lang='lat' dir='ltr'>undique</span> <span class='ocrx_word' id='word_1_176' title='bbox 903 1739 1125 1787; x_wconf 77' lang='lat' dir='ltr'>parricidae,</span> <span class='ocrx_word' id='word_1_177' title='bbox 1161 1736 1346 1785; x_wconf 79' lang='lat' dir='ltr'>sacrilegi,</span> 
     </span>
     <span class='ocr_line' id='line_1_26' title="bbox 165 1802 1349 1853; baseline 0.001 -15"><span class='ocrx_word' id='word_1_178' title='bbox 165 1803 334 1839; x_wconf 88' lang='lat' dir='ltr'>convicti</span> <span class='ocrx_word' id='word_1_179' title='bbox 355 1803 525 1851; x_wconf 83' lang='lat' dir='ltr'>judiciis,</span> <span class='ocrx_word' id='word_1_180' title='bbox 548 1807 616 1840; x_wconf 85' lang='lat' dir='ltr'>aut</span> <span class='ocrx_word' id='word_1_181' title='bbox 634 1816 704 1852; x_wconf 90' lang='lat' dir='ltr'>pro</span> <span class='ocrx_word' id='word_1_182' title='bbox 724 1804 835 1840; x_wconf 84' lang='lat' dir='ltr'>factis</span> <span class='ocrx_word' id='word_1_183' title='bbox 849 1804 1041 1853; x_wconf 84' lang='lat' dir='ltr'>judicium</span> <span class='ocrx_word' id='word_1_184' title='bbox 1062 1804 1271 1849; x_wconf 83' lang='lat' dir='ltr'>timentes3</span> <span class='ocrx_word' id='word_1_185' title='bbox 1300 1802 1349 1839; x_wconf 86' lang='lat' dir='ltr'>ad</span> 
     </span>
     <span class='ocr_line' id='line_1_27' title="bbox 164 1867 1349 1918; baseline 0 -15"><span class='ocrx_word' id='word_1_186' title='bbox 164 1868 245 1913; x_wconf 86' lang='lat' dir='ltr'>hoc,</span> <span class='ocrx_word' id='word_1_187' title='bbox 277 1880 371 1916; x_wconf 88' lang='lat' dir='ltr'>quos</span> <span class='ocrx_word' id='word_1_188' title='bbox 399 1881 537 1904; x_wconf 87' lang='lat' dir='ltr'>manus</span> <span class='ocrx_word' id='word_1_189' title='bbox 565 1872 682 1917; x_wconf 89' lang='lat' dir='ltr'>atque</span> <span class='ocrx_word' id='word_1_190' title='bbox 710 1869 844 1917; x_wconf 85' lang='lat' dir='ltr'>lingua</span> <span class='ocrx_word' id='word_1_191' title='bbox 871 1869 1040 1918; x_wconf 88' lang='lat' dir='ltr'>perjurio</span> <span class='ocrx_word' id='word_1_192' title='bbox 1069 1873 1137 1905; x_wconf 85' lang='lat' dir='ltr'>aut</span> <span class='ocrx_word' id='word_1_193' title='bbox 1163 1867 1349 1917; x_wconf 86' lang='lat' dir='ltr'>sanguine</span> 
     </span>
     <span class='ocr_line' id='line_1_28' title="bbox 164 1932 1346 1982; baseline -0.001 -13"><span class='ocrx_word' id='word_1_194' title='bbox 164 1932 271 1969; x_wconf 89' lang='lat' dir='ltr'>civili</span> <span class='ocrx_word' id='word_1_195' title='bbox 290 1932 418 1968; x_wconf 82' lang='lat' dir='ltr'>alebat</span> <span class='ocrx_word' id='word_1_196' title='bbox 426 1946 436 1978; x_wconf 81' lang='lat'><em>3</em></span> <span class='ocrx_word' id='word_1_197' title='bbox 464 1937 667 1981; x_wconf 84' lang='lat' dir='ltr'>postremo,</span> <span class='ocrx_word' id='word_1_198' title='bbox 690 1946 822 1970; x_wconf 83' lang='lat' dir='ltr'>omnes</span> <span class='ocrx_word' id='word_1_199' title='bbox 842 1946 937 1982; x_wconf 90' lang='lat' dir='ltr'>quos</span> <span class='ocrx_word' id='word_1_200' title='bbox 956 1933 1156 1982; x_wconf 79' lang='lat' dir='ltr'>flagitium,</span> <span class='ocrx_word' id='word_1_201' title='bbox 1188 1936 1346 1981; x_wconf 80' lang='lat' dir='ltr'>egestaS‚</span> 
     </span>
     <span class='ocr_line' id='line_1_29' title="bbox 164 1996 1347 2046; baseline 0 -14"><span class='ocrx_word' id='word_1_202' title='bbox 164 1996 338 2032; x_wconf 88' lang='lat' dir='ltr'>conscius</span> <span class='ocrx_word' id='word_1_203' title='bbox 357 1997 509 2033; x_wconf 84' lang='lat' dir='ltr'>animus</span> <span class='ocrx_word' id='word_1_204' title='bbox 528 1998 751 2045; x_wconf 77' lang='lat' dir='ltr'>exagitabat</span> <span class='ocrx_word' id='word_1_205' title='bbox 759 2012 770 2044; x_wconf 71' lang='lat'><em>3</em></span> <span class='ocrx_word' id='word_1_206' title='bbox 798 1998 827 2033; x_wconf 85' lang='lat' dir='ltr'>ii</span> <span class='ocrx_word' id='word_1_207' title='bbox 848 1998 1041 2034; x_wconf 81' lang='lat' dir='ltr'>Catilinae</span> <span class='ocrx_word' id='word_1_208' title='bbox 1056 1997 1223 2046; x_wconf 82' lang='lat' dir='ltr'>proximi</span> <span class='ocrx_word' id='word_1_209' title='bbox 1237 1996 1347 2032; x_wconf 88' lang='lat' dir='ltr'>fami-</span> 
     </span>
     <span class='ocr_line' id='line_1_30' title="bbox 165 2061 1349 2111; baseline -0.001 -13"><span class='ocrx_word' id='word_1_210' title='bbox 165 2061 355 2110; x_wconf 86' lang='lat' dir='ltr'>liaresque</span> <span class='ocrx_word' id='word_1_211' title='bbox 375 2066 496 2098; x_wconf 81' lang='lat' dir='ltr'>erant.</span> <span class='ocrx_word' id='word_1_212' title='bbox 554 2061 667 2106; x_wconf 80' lang='lat' dir='ltr'>Quod</span> <span class='ocrx_word' id='word_1_213' title='bbox 687 2062 720 2098; x_wconf 85' lang='lat' dir='ltr'>si</span> <span class='ocrx_word' id='word_1_214' title='bbox 739 2063 830 2111; x_wconf 71' lang='lat' dir='ltr'>quis,</span> <span class='ocrx_word' id='word_1_215' title='bbox 846 2063 964 2099; x_wconf 85' lang='lat' dir='ltr'>etiam</span> <span class='ocrx_word' id='word_1_216' title='bbox 983 2076 1005 2099; x_wconf 85' lang='lat' dir='ltr'>a</span> <span class='ocrx_word' id='word_1_217' title='bbox 1020 2063 1133 2111; x_wconf 84' lang='lat' dir='ltr'>culpa</span> <span class='ocrx_word' id='word_1_218' title='bbox 1147 2074 1292 2098; x_wconf 86' lang='lat' dir='ltr'>vacuus</span> <span class='ocrx_word' id='word_1_219' title='bbox 1308 2061 1349 2097; x_wconf 89' lang='lat' dir='ltr'>in</span> 
     </span>
     <span class='ocr_line' id='line_1_31' title="bbox 165 2115 1346 2181; baseline 0.001 -19"><span class='ocrx_word' id='word_1_220' title='bbox 165 2127 376 2163; x_wconf 84' lang='lat' dir='ltr'>amicitiam</span> <span class='ocrx_word' id='word_1_221' title='bbox 397 2127 478 2176; x_wconf 87' lang='lat' dir='ltr'>ejus</span> <span class='ocrx_word' id='word_1_222' title='bbox 498 2127 697 2181; x_wconf 76' lang='lat' dir='ltr'>inciderat,</span> <span class='ocrx_word' id='word_1_223' title='bbox 727 2115 957 2177; x_wconf 81' lang='lat' dir='ltr'>quotidiano</span> <span class='ocrx_word' id='word_1_224' title='bbox 982 2141 1054 2164; x_wconf 88' lang='lat' dir='ltr'>usu</span> <span class='ocrx_word' id='word_1_225' title='bbox 1081 2132 1198 2177; x_wconf 88' lang='lat' dir='ltr'>atque</span> <span class='ocrx_word' id='word_1_226' title='bbox 1222 2127 1346 2163; x_wconf 90' lang='lat' dir='ltr'>illece-</span> 
     </span>
     <span class='ocr_line' id='line_1_32' title="bbox 164 2191 1348 2242; baseline 0 -15"><span class='ocrx_word' id='word_1_227' title='bbox 164 2191 245 2228; x_wconf 90' lang='lat' dir='ltr'>bris</span> <span class='ocrx_word' id='word_1_228' title='bbox 281 2192 394 2228; x_wconf 80' lang='lat' dir='ltr'>facile</span> <span class='ocrx_word' id='word_1_229' title='bbox 432 2205 502 2241; x_wconf 81' lang='lat' dir='ltr'>par</span> <span class='ocrx_word' id='word_1_230' title='bbox 539 2193 752 2242; x_wconf 86' lang='lat' dir='ltr'>similisque</span> <span class='ocrx_word' id='word_1_231' title='bbox 790 2194 926 2230; x_wconf 85' lang='lat' dir='ltr'>ceteris</span> <span class='ocrx_word' id='word_1_232' title='bbox 970 2193 1215 2230; x_wconf 87' lang='lat' dir='ltr'>efficiebatur.</span> <span class='ocrx_word' id='word_1_233' title='bbox 1273 2191 1348 2228; x_wconf 81' lang='lat' dir='ltr'>Sed</span> 
     </span>
     <span class='ocr_line' id='line_1_33' title="bbox 165 2246 1348 2308; baseline -0.001 -15"><span class='ocrx_word' id='word_1_234' title='bbox 165 2246 332 2294; x_wconf 63' lang='lat' dir='ltr'>maxime</span> <span class='ocrx_word' id='word_1_235' title='bbox 347 2257 649 2294; x_wconf 84' lang='lat' dir='ltr'>adolescentium</span> <span class='ocrx_word' id='word_1_236' title='bbox 663 2258 952 2296; x_wconf 82' lang='lat' dir='ltr'>familiaritates</span> <span class='ocrx_word' id='word_1_237' title='bbox 968 2259 1188 2308; x_wconf 78' lang='lat' dir='ltr'>adpetebat3</span> <span class='ocrx_word' id='word_1_238' title='bbox 1217 2269 1348 2294; x_wconf 86' lang='lat' dir='ltr'>eorum</span> 
     </span>
    </p>
   </div>
  </div>
 </body>
</html>
