1543 2449
199 122 248 160 52
475 121 774 161 SALLUSTJI
805 120 1113 160 JUGURTIJA.

279 209 412 246 LXII.
472 209 525 255 Is,
547 209 614 246 ubi
642 209 811 258 primum
839 213 1100 258 opportunum
1126 209 1214 256 fuit,
1241 210 1269 247 J
1271 221 1384 258 ugur-

199 273 309 310 tham
338 274 499 310 anxium
532 287 577 309 ac
606 273 855 309 miserantem
888 273 1068 310 fortunas
1096 287 1184 311 suas
1211 274 1383 320 accedit3

199 342 333 375 monet
354 342 470 386 atque
493 337 700 373 lacrimans
722 337 951 383 obtestatur,
975 337 1064 373 “uti
1083 338 1291 387 aliquando
1310 338 1384 374 sibi

199 402 407 451 liberisque
430 405 470 437 ct
494 401 602 449 genti
630 400 906 447 Numidarum,
933 401 1078 450 optime
1104 402 1281 448 merenti,
1301 414 1385 451 pro-

200 466 356 512 videat3
397 464 577 501 omnibus
613 464 769 513 procliis
806 477 886 501 sese
923 465 1058 510 victos,
1089 478 1223 514 agrum
1261 469 1385 502 vasta—

201 534 298 575 tum,
327 529 471 565 multos
503 529 685 565 mortales
717 533 849 578 captos
878 534 947 566 aut
975 530 1129 575 occisos,
1158 530 1267 579 regni
1295 542 1385 579 opes

201 593 458 629 comminutas
477 605 580 640 essc3
610 593 705 629 satis
724 606 836 642 saepe
850 594 932 642 jam
951 598 992 630 et
1010 595 1197 631 virtutem
1216 595 1384 630 militum

201 661 242 694 et
268 657 467 693 fortunam
492 661 683 694 tentatam
701 671 711 705 3
740 662 877 694 caveat
898 672 947 695 ne
972 658 1039 696 illo
1067 663 1275 696 cunctante
1304 661 1386 696 Nu-

201 722 328 758 midae
357 722 430 758 sibi
458 722 697 759 consulant.’'
753 723 831 759 His
854 727 971 772 atque
989 723 1134 760 talibus
1153 724 1239 760 aliis
1258 724 1307 761 ad
1326 725 1386 761 de-

201 786 389 823 ditionem
408 787 509 835 regis
528 787 701 823 animum
721 787 896 836 impellit.
955 788 1176 824 Mittuntur
1204 788 1253 825 ad
1271 789 1388 838 impe-

201 855 369 887 ratorem
406 851 536 900 legati,
575 851 642 900 qui
678 851 919 900 Jugurtham
962 852 1154 901 imperata
1190 852 1387 888 facturum

202 914 387 961 dicerent,
409 928 452 951 ac
481 915 563 951 sine
592 915 673 951 ulla
700 916 878 964 pactione
907 928 988 952 sese
1013 929 1251 965 regnumque
1274 930 1387 952 suum

201 979 244 1015 in
280 979 385 1015 illius
422 978 537 1015 fidem
574 979 736 1016 tradere.
809 979 994 1016 Metellus
1031 969 1192 1028 propere
1229 984 1388 1016 cunctos

202 1043 387 1080 senatorii
415 1043 561 1079 ordinis
590 1057 638 1079 cx
667 1043 839 1080 hibernis
876 1044 1055 1080 accersiri
1080 1044 1215 1092 jubet:
1255 1057 1387 1080 eorum

203 1112 319 1157 atque
339 1108 515 1154 aliorum,
536 1121 631 1157 quos
651 1108 809 1144 idoneos
834 1108 1012 1154 ducebat,
1034 1109 1237 1145 consilium
1257 1108 1383 1145 habet.

203 1171 270 1208 Ita
305 1184 411 1208 more
447 1172 638 1220 majorum
675 1185 725 1208 ex
762 1172 914 1208 consilii
950 1172 1105 1208 decreto
1142 1185 1211 1221 per
1240 1172 1406 1221 legatos*

203 1235 232 1272 J
235 1235 425 1284 ugurthae
453 1235 620 1284 imperat
647 1236 798 1284 argenti
823 1235 952 1284 pondo
977 1236 1145 1272 ducenta
1163 1236 1297 1281 millia,
1318 1236 1388 1273 ele-

203 1299 370 1348 phantos
408 1312 551 1345 omnes,
590 1312 776 1348 equorum
813 1304 854 1336 et
890 1313 1085 1336 armorum
1131 1301 1384 1349 aliquantum.

204 1363 313 1407 Quae
350 1368 555 1412 postquam
593 1363 675 1399 sine
712 1376 820 1399 mora
851 1363 957 1400 facta
986 1368 1089 1410 sunt,
1115 1364 1229 1412 jubet
1257 1377 1389 1401 omnes

203 1427 386 1476 perfugas
406 1427 556 1463 vinctos
572 1427 713 1463 adduci
726 1441 735 1474 3
764 1440 897 1463 eorum
913 1441 1054 1476 magna
1068 1441 1168 1477 pars,
1182 1432 1228 1464 ut
1236 1428 1388 1477 jussum

204 1494 299 1536 erat,
320 1491 479 1527 adducti
494 1505 503 1538 3
532 1491 658 1540 pauci,
679 1505 799 1540 quum
819 1492 987 1541 primum
1016 1492 1163 1528 deditio
1183 1493 1320 1541 coepit,
1340 1493 1389 1529 ad

203 1568 331 1603 regem
370 1555 566 1591 Bocchum
604 1556 646 1591 in
679 1556 967 1592 Mauretaniam
998 1557 1183 1593 abierant.
1261 1557 1390 1606 Igitur

203 1619 231 1656 J
236 1619 415 1667 ugurtha,
437 1619 504 1655 ubi
533 1620 651 1656 armis
670 1620 842 1669 virisque
868 1624 908 1656 et
926 1621 1092 1669 pecunia
1111 1621 1299 1669 spoliatus
1318 1626 1388 1667 est,

204 1696 323 1732 quum
343 1683 425 1732 ipse
444 1683 493 1719 ad
512 1683 782 1732 imperandum
802 1684 991 1720 Tisidium
1020 1689 1235 1731 vocaretur,
1255 1698 1390 1722 rursus

205 1747 333 1796 coepit
357 1747 511 1783 flectere
537 1748 710 1784 animum
736 1761 861 1794 suum,
891 1753 931 1784 et
953 1762 1002 1785 ex
1024 1749 1127 1785 mala
1155 1750 1390 1786 conscientia

205 1811 323 1859 digna
341 1811 487 1848 timere.
537 1811 716 1861 Denique
728 1813 863 1849 multis
877 1813 1013 1849 diebus
1025 1826 1094 1862 per
1105 1813 1388 1850 dubitationem

206 1875 456 1924 consumptis,
495 1888 615 1924 quum
652 1876 766 1912 modo
801 1876 930 1913 taedio
967 1890 1095 1913 rerum
1140 1877 1389 1914 adversarum

205 1939 336 1975 omnia
350 1940 450 1975 bello
469 1940 621 1988 potiora
639 1940 808 1986 duceret,
822 1940 1019 1977 interdum
1032 1954 1161 1978 secum
1180 1942 1261 1990 ipse
1280 1955 1390 1991 repu-

206 2006 320 2047 taret,
341 2016 456 2051 quam
476 2004 605 2052 gravis
625 2017 736 2041 casus
756 2005 796 2040 in
825 2005 1028 2041 servitium
1052 2018 1101 2042 ex
1129 2018 1247 2054 regno
1275 2006 1387 2052 foret,

206 2066 341 2103 multis
371 2068 595 2116 magnisque
629 2069 833 2117 praesidiis
860 2068 1122 2118 nequidquam
1151 2069 1314 2118 perditis
1341 2070 1389 2107 dc

206 2130 358 2178 integro
386 2131 529 2168 bollum
559 2132 686 2168 sumit.
746 2132 895 2169 Romae
922 2137 1080 2169 senatus
1108 2133 1155 2170 de
1179 2133 1389 2183 provinciis

207 2194 407 2231 consultus
427 2195 655 2232 Numidiam
676 2196 838 2233 Metello
857 2196 1090 2234 decreverat.
