1502 2449
146 121 167 157 2
427 119 564 156 SALL
574 118 726 157 USTII
761 118 1042 158 CATILINA.

144 217 408 255 Athenienses
441 230 597 266 coepere
630 217 745 253 urbes
778 222 895 266 atque
928 220 1106 256 nationes
1139 221 1326 271 subigere,

145 283 361 320 lubidinem
381 282 608 319 dominandi
627 295 799 318 caussam
825 284 918 320 belli
943 284 1095 332 habere,
1119 287 1328 323 maximam

146 349 309 398 gloriani
329 348 371 384 in
391 348 560 384 maximo
581 347 743 395 imperio
761 352 899 396 putare
916 362 925 396 3
955 353 1039 386 tum
1060 351 1213 388 demum
1233 351 1330 400 peri-

147 414 232 451 culo
252 418 369 462 atque
388 412 553 460 negotiis
579 416 818 460 compertum
845 417 902 450 est
927 413 969 450 in
994 414 1096 451 bello
1118 415 1329 464 plurimum

147 479 347 528 ingenium
380 489 500 526 posse.
559 475 709 520 Quodsi
741 489 875 525 regum
908 482 1025 527 atque
1053 479 1331 528 imperatorum

148 543 268 580 animi
296 542 422 578 virtus
450 541 493 577 in
520 553 612 590 pace
640 541 696 578 ita
723 542 784 577 uti
811 542 853 578 in
880 543 981 579 bello
1009 544 1167 589 valeret,
1197 557 1332 594 aequa-

148 609 266 645 bilius
294 611 411 655 atque
437 606 679 642 constantius
704 619 786 643 sese
814 619 875 643 res
903 607 1094 645 humanae
1120 609 1308 646 haberent
1321 624 1332 657 3

148 685 272 722 neque
292 671 396 708 aliud
417 671 492 707 alio
517 671 620 717 ferri,
641 684 766 720 neque
791 673 935 709 mutari
961 686 1004 709 ac
1030 673 1182 710 misceri
1204 674 1333 711 omnia

149 749 332 774 cerneres.
390 735 495 772 Nam
515 736 722 785 imperium
748 737 858 773 facile
882 737 943 773 his
968 738 1118 775 artibus
1141 738 1334 775 retinetur

150 804 290 853 quibus
310 801 424 838 initio
449 805 606 850 partum
632 805 701 838 est.
760 801 911 838 Verum
937 803 1004 838 ubi
1027 815 1096 851 pro
1118 803 1249 840 labore
1274 802 1334 839 de-

149 870 257 916 sidia,
279 882 348 918 pro
368 868 608 905 continentia
628 872 667 904 et
686 868 882 917 aequitate
905 868 1038 904 lubido
1065 873 1181 918 atque
1207 881 1330 917 super-

152 935 214 971 bia
237 934 425 979 invasere,
450 932 610 969 fortuna
638 933 754 969 simul
781 945 868 969 cum
893 933 1066 969 moribus
1090 934 1331 972 immutatur.

151 1000 216 1036 Ita
245 998 452 1047 imperium
478 1010 629 1046 semper
653 998 701 1034 ad
727 998 917 1046 optimum
943 1011 1134 1046 quemque
1159 1011 1182 1034 a
1207 998 1335 1035 minus

150 1066 251 1101 bono
266 1063 509 1100 transfertur.
560 1063 668 1107 Quae
683 1063 858 1099 homines
877 1067 999 1109 arant,
1016 1063 1214 1111 navigant,
1236 1063 1336 1099 aedi-

151 1130 280 1174 ficant,
320 1127 461 1163 virtuti
502 1127 632 1164 omnia
669 1131 817 1176 parent.
876 1127 951 1164 Sed
988 1128 1104 1164 multi
1141 1127 1334 1173 mortales,

152 1194 275 1231 dediti
304 1193 435 1229 ventri
466 1196 583 1241 atque
615 1205 758 1239 somno,
790 1193 936 1229 indocti
968 1193 1184 1241 incultique
1214 1193 1356 1229 vitam‘

152 1259 267 1296 sicuti
293 1258 584 1307 peregrinantes
612 1262 832 1307 transegere
847 1271 858 1305 3
888 1258 1028 1307 quibus
1056 1258 1229 1308 profecto
1253 1271 1336 1295 con-

152 1330 215 1361 tra
260 1328 442 1360 naturam
489 1336 627 1373 eorpus
672 1323 878 1373 voluptati,
918 1324 1048 1360 anima
1094 1323 1203 1360 oneri
1247 1324 1333 1361 fuit.

153 1390 300 1426 Eorum
320 1401 389 1437 ego
409 1388 532 1424 vitam
556 1391 797 1438 mortemque
817 1389 935 1437 juxta
960 1388 1131 1435 aestimo,
1154 1388 1338 1437 quoniam

153 1455 200 1490 de
221 1457 385 1502 utraque
404 1453 549 1489 siletur.
607 1453 759 1490 Verum
780 1453 883 1490 enim
904 1466 996 1490 vero
1015 1454 1047 1489 is
1068 1453 1223 1490 demum
1242 1453 1339 1489 mihi

153 1520 284 1556 vivere
315 1523 431 1568 atque
463 1519 541 1555 frui
573 1518 703 1555 anim‘a
730 1519 887 1555 videtur
914 1519 992 1568 qui,
1024 1519 1155 1568 aliquo
1183 1518 1340 1567 negotio

154 1586 340 1630 intentus,
376 1583 561 1633 praeclari
593 1584 775 1621 facinoris
808 1588 877 1620 aut
909 1584 1005 1620 artis
1037 1584 1160 1620 bonae
1197 1584 1339 1620 famam

156 1650 320 1699 quaerit.
379 1649 454 1686 Sed
473 1650 515 1686 in
535 1663 675 1699 magna
695 1651 803 1699 copia
822 1663 953 1686 rerum
973 1650 1079 1686 aliud
1106 1649 1173 1686 alii
1199 1652 1341 1685 natura

156 1717 232 1753 iter
251 1715 431 1753 ostendit.

236 1780 317 1818 III.
367 1780 581 1817 Pulchrum
600 1784 660 1817 est
679 1781 776 1818 bene
795 1780 920 1817 facere
939 1780 1173 1829 reipublicae
1185 1794 1196 1828 3
1224 1779 1341 1816 etiam

157 1847 255 1882 bene
280 1846 406 1882 dicere
431 1846 537 1883 haud
562 1846 773 1883 absurdum
802 1851 870 1884 est.
928 1846 1006 1882 Vel
1034 1858 1126 1894 pace
1154 1845 1217 1882 vel
1242 1844 1342 1881 bello

158 1911 305 1948 clarum
330 1911 415 1947 fieri
438 1911 554 1959 licet3
585 1915 624 1948 et
650 1913 717 1961 qui
742 1912 874 1958 fecere,
897 1916 937 1948 et
962 1911 1029 1961 qui
1052 1911 1157 1947 faeta
1178 1910 1342 1947 aliorum

159 1976 353 2025 scripsere,
375 1977 491 2013 multi
510 1977 732 2015 laudantur.
789 1978 851 2015 Ac
876 1977 974 2014 mihi
999 1962 1165 2027 quidem,
1188 1975 1343 2012 tametsi

160 2041 458 2090 haudquaquam
487 2055 556 2091 par
580 2043 702 2092 gloria
730 2047 916 2093 sequatur
940 2043 1165 2092 scriptorem
1195 2045 1235 2078 et
1260 2053 1343 2077 auc-

161 2110 284 2142 torem
317 2119 457 2153 rerum,
493 2111 624 2143 tamen
656 2108 698 2144 in
731 2108 866 2157 primis
897 2108 1063 2145 arduum
1095 2107 1252 2143 videtur
1284 2118 1344 2142 res

161 2174 287 2220 gestas
306 2172 496 2219 scribere3
526 2173 695 2222 primum
722 2174 825 2223 quod
850 2174 954 2210 facta
980 2173 1094 2210 dictis
1119 2178 1212 2209 sunt
1237 2184 1346 2208 exae—

162 2236 339 2285 quanda3
368 2237 507 2274 dehine
526 2238 619 2287 quia
644 2239 828 2288 plerique,
851 2251 949 2288 quae
975 2238 1117 2275 delicta
1144 2237 1345 2287 reprehen-
