1543 2449
212 109 258 146 18
473 108 610 146 SALL
623 106 776 144 USTII
810 103 1119 142 JHGUBTHA.

207 195 279 230 tim
298 193 340 230 in
359 192 539 242 tuguriis,
561 192 657 228 alios
675 189 862 226 incultius
880 202 998 238 vagos
1023 189 1170 237 agitare
1185 201 1194 234 ;
1222 191 1310 237 post
1328 201 1392 224 eos

208 258 427 306 Aethiopas
446 269 527 293 esse
541 270 550 303 3
579 255 670 292 dein
689 255 773 290 loca
792 257 931 290 exusta
950 254 1040 290 solis
1055 253 1266 290 ardoribus.
1317 253 1392 302 Igi-

207 327 273 358 tur
303 322 405 358 bello
433 318 676 368 ,Iugurthino
703 318 887 367 pleraque
915 330 964 354 ex
992 317 1152 354 Punicis
1184 316 1326 366 oppida
1353 322 1392 354 et

206 386 303 421 fines
323 381 717 431 Carthaginiensium,
739 394 834 429 quos
853 381 1061 417 novissime
1079 381 1309 427 habuerant,
1329 394 1393 430 po-

207 448 322 496 pulus
342 446 544 484 Romanus
562 457 632 493 per
649 444 902 493 magistratus
916 444 1214 481 administrabat
1223 458 1232 491 3
1252 445 1394 481 Gaetu-

206 514 332 549 lorum
361 524 504 559 magna
532 523 622 559 pars
648 514 687 546 et
715 509 906 546 Numidia
933 523 1055 558 usque
1074 510 1123 546 ad
1142 510 1286 546 fiumen
1306 510 1393 546 Mu-

206 577 360 613 lucham
398 576 470 613 sub
507 575 708 624 Jugurtha
743 579 878 622 erant3
920 575 1072 611 Mauris
1109 575 1288 611 omnibus
1323 588 1392 611 rex

208 639 384 675 Bocchus
411 639 674 688 imperitabat,
703 643 858 688 praeter
894 652 1036 676 nomen
1072 644 1199 676 cetera
1235 640 1392 689 ignarus

206 703 340 752 populi
379 703 572 750 Romani3
611 704 783 752 itemque
821 704 933 740 nobis
970 717 1095 753 neque
1131 705 1232 741 bello
1268 718 1391 754 neque

206 779 299 815 pace
327 771 444 803 antea
472 767 659 815 cognitus.
718 767 779 804 De
808 767 948 804 Africa
975 772 1014 804 et
1051 768 1134 816 ejus
1171 768 1307 805 incolis
1344 769 1392 805 ad

207 831 531 868 necessitudinem
559 831 617 868 rei
644 831 739 868 satis
767 831 925 868 dictum.

286 897 380 933 XX.
440 896 665 945 Postquam,
685 896 811 932 diviso
830 909 960 944 regno,
977 896 1095 945 legati
1110 896 1249 933 Africa
1268 896 1392 933 deces-

207 974 300 1007 sere,
322 965 361 997 et
379 961 407 998 J
411 961 580 1009 ugurtha
599 964 734 997 contra
761 960 940 997 timorem
969 961 1090 997 animi
1117 961 1290 1010 praemia
1318 974 1393 997 sce-

207 1026 297 1062 leris
317 1026 501 1074 adeptum
522 1038 602 1062 sese
622 1025 742 1070 videt,
764 1029 912 1062 certum
932 1029 1052 1071 ratus,
1069 1025 1172 1074 quod
1191 1038 1240 1061 ex
1260 1025 1393 1061 amicis

207 1090 311 1138 apud
327 1089 584 1126 Numantiam
600 1092 812 1138 acceperat,
826 1089 956 1125 omnia
971 1089 1120 1126 Romae
1131 1089 1285 1125 venalia
1299 1102 1391 1134 esse,

208 1154 322 1190 simul
342 1157 381 1189 et
400 1153 556 1189 illorum
576 1153 924 1202 pollicitationibus
944 1166 1138 1197 accensus,
1153 1166 1248 1202 quos
1262 1153 1393 1202 paullo

207 1221 298 1253 ante
318 1217 545 1253 muneribus
564 1217 800 1265 expleverat,
821 1217 862 1252 in
881 1230 1043 1265 regnum
1058 1217 1296 1253 Adherbalis
1315 1217 1397 1253 ani-

207 1293 313 1316 mum
342 1280 521 1316 intendit.
600 1280 690 1329 Ipse
727 1293 826 1326 acer,
856 1281 1084 1327 bellioosus3
1126 1284 1168 1316 at
1204 1280 1248 1325 is,
1279 1293 1392 1328 quem

206 1345 375 1393 petebat,
397 1344 564 1393 quietus,
585 1344 764 1389 imbellis,
784 1343 937 1392 placido
957 1343 1124 1392 ingenio,
1151 1347 1393 1392 opportunus

207 1409 383 1457 injuriae,
404 1412 582 1445 metuens
600 1408 723 1457 magis
742 1421 858 1457 quam
881 1408 1122 1445 metuendus.
1183 1408 1313 1456 Igitur
1344 1422 1393 1445 ex

206 1473 415 1521 improviso
434 1473 530 1508 fines
549 1472 632 1521 ejus
652 1485 739 1509 cum
758 1485 900 1521 magna
926 1485 1045 1508 manu
1064 1471 1229 1517 invadit,
1249 1472 1393 1509 multos

206 1537 389 1572 mortales
417 1549 504 1572 cum
533 1549 669 1585 pecore
689 1540 806 1585 atque
825 1536 903 1572 alia
921 1535 1065 1584 praeda
1083 1535 1198 1584 capit,
1218 1535 1394 1573 aedificia

207 1601 381 1637 incendit
399 1601 582 1650 pleraque
601 1602 686 1638 loca
703 1601 899 1638 hostiliter
917 1614 1004 1637 cum
1024 1601 1202 1650 equitatu
1222 1603 1371 1639 accedit
1383 1616 1392 1649 3

207 1666 297 1701 dein
317 1679 404 1701 cum
425 1666 530 1702 omni
548 1666 803 1703 multitudine
822 1666 864 1702 in
882 1679 1043 1714 regnum
1059 1679 1172 1702 suum
1188 1668 1392 1714 convertit,

207 1730 434 1765 existimans
454 1730 584 1766 dolore
603 1734 823 1779 permotum
838 1730 1103 1766 Adherbalem
1123 1730 1286 1779 injurias
1306 1744 1394 1768 suas

206 1808 324 1830 manu
344 1795 647 1841 vindicaturum,
677 1808 838 1844 eamque
866 1808 947 1831 rem
975 1795 1067 1831 belli
1096 1808 1270 1832 caussam
1299 1796 1389 1833 fore.

206 1860 266 1896 At
293 1861 370 1906 ille,
404 1861 507 1909 quod
535 1874 660 1910 neque
689 1874 728 1897 se
756 1874 887 1910 parem
917 1861 1035 1897 armis
1064 1861 1325 1905 existimabat,
1355 1866 1394 1897 et

206 1925 378 1961 amicitia
405 1926 539 1974 populi
561 1925 732 1962 Romani
759 1925 882 1973 magis
911 1938 1026 1973 quam
1056 1925 1241 1961 Numidis
1269 1925 1393 1961 fretus

206 1993 301 2033 erat,
323 1989 468 2037 legatos
487 1990 537 2026 ad
555 1990 796 2038 Jugurtham
816 1990 863 2026 de
882 1990 1036 2037 injuriis
1056 1993 1235 2038 questum
1264 1989 1370 2025 misit
1383 2003 1393 2035 3

207 2051 273 2099 qui
292 2052 447 2087 tametsi
467 2053 746 2089 contumeliosa
763 2052 869 2089 dicta
886 2053 1114 2097 retulerant,
1134 2052 1243 2101 prius
1262 2055 1393 2087 tamen

206 2115 336 2151 omnia
363 2116 446 2164 pati
475 2116 659 2162 decrevit,
681 2130 798 2165 quam
825 2117 971 2153 bellum
992 2129 1142 2153 sumere
1155 2130 1164 2163 3
1194 2116 1285 2164 quia
1312 2120 1393 2151 ten-

206 2183 332 2215 tatum
353 2183 468 2215 antea
497 2193 605 2217 secus
634 2185 810 2218 cesserat.
870 2181 1009 2229 Neque
1039 2185 1170 2217 tamen
1199 2193 1243 2216 eo
1271 2180 1393 2228 magis
