1543 2449
401 111 697 149 SALLUSTJI
729 110 1035 148 JUGURTHA.
1264 111 1312 148 19

136 199 275 249 cupido
292 198 514 247 «Iugurthae
538 198 808 235 minuebatur:
838 198 979 246 quippe
999 198 1066 246 qui
1085 201 1211 233 totum
1231 197 1315 245 ejus

136 276 296 312 regnum
316 263 444 299 animo
468 263 550 310 jam
570 263 774 299 invaserat.
834 262 974 311 Itaque
1002 275 1091 307 non,
1113 265 1159 297 ut
1186 265 1314 305 antea,

135 341 223 364 cum
241 327 486 376 praedatoria
504 339 634 372 manu,
648 326 714 362 sed
734 338 872 374 magno
887 326 1060 362 exercitu
1081 329 1314 373 comparato,

134 392 279 428 bellum
307 403 437 439 gerere
466 390 592 438 coepit
620 394 660 426 et
691 394 823 438 aperte
855 389 976 425 totius
1009 388 1220 425 Numidiae
1247 388 1314 424 im-

134 454 284 503 perium
313 457 452 502 petere.
513 453 693 490 Ceterum
722 465 799 501 qua
827 452 1010 501 pergebat
1043 452 1169 496 urbes,
1204 463 1314 499 agros

134 519 299 562 'vastare‚
315 516 477 565 praedas
497 529 607 565 agere
616 530 626 563 3
646 517 725 553 suis
741 516 925 560 animum,
939 519 1125 551 terrorem
1138 514 1314 550 hostibus

134 594 282 630 augere.

212 645 331 682 XXI.
389 645 592 682 Adherbal
620 645 688 681 ubi
720 644 905 693 intelligit
933 657 976 680 eo
1004 657 1235 692 processum,
1255 644 1314 680 uti

133 722 293 758 regnum
322 713 391 746 aut
427 709 724 758 relinquendum
760 712 870 753 esset,
901 712 970 744 aut
1005 708 1122 744 armis
1149 708 1315 744 retinen-

133 774 238 819 dum,
259 774 473 810 necessario
493 774 620 822 copias
639 776 762 821 parat,
779 776 819 808 et
833 773 860 809 J
864 772 1053 820 ugurthae
1073 772 1211 808 obvius
1232 785 1315 821 pro-

133 837 244 873 cedit.
304 837 469 873 Interim
488 836 593 872 haud
612 836 723 883 longe
751 849 774 871 a
801 835 911 880 mari,
940 848 1058 884 prope
1085 836 1232 872 Cirtam
1253 849 1315 885 op-

133 899 279 947 pidum,
301 899 502 947 utriusque
522 898 695 934 consedit
723 898 938 934 exercitus:
968 903 1008 934 et
1038 900 1129 947 quia
1162 900 1224 936 die
1252 913 1314 936 ex-

132 968 299 999 tremum
319 966 413 1008 erat,
427 962 615 1010 proelium
635 974 713 997 non
728 961 935 1009 inceptum.
991 962 1073 998 Ubi
1087 964 1314 1011 plerumque

132 1027 256 1063 noctis
283 1025 481 1074 processit,
510 1025 672 1060 obscuro
708 1024 826 1060 etiam
862 1029 947 1060 tum
984 1024 1142 1070 lumine,
1171 1025 1315 1061 milites

132 1091 159 1127 J
163 1089 375 1138 ugurthini,
390 1089 498 1137 signo
517 1088 620 1134 dato,
635 1092 761 1124 castra
779 1088 950 1125 hostium
969 1088 1163 1125 invadunt
1170 1103 1180 1136 3
1206 1091 1314 1126 semi-

132 1166 284 1190 somnos
302 1153 457 1202 partim,
478 1153 574 1189 alios
592 1166 700 1189 arma
727 1156 924 1189 sumentes
953 1153 1093 1201 fugant
1125 1153 1314 1190 fundunt-

132 1223 228 1267 que}
257 1217 459 1254 Adherbal
479 1230 566 1253 cum
585 1217 719 1266 paucis
738 1217 934 1265 equitibus
955 1217 1103 1253 Cirtam
1126 1218 1311 1266 profugit,

129 1286 170 1318 et
188 1281 230 1318 ni
257 1282 469 1318 multitudo
496 1286 716 1330 togatorum
744 1281 893 1327 fuisset,
915 1294 1012 1330 quae
1041 1282 1234 1319 Numidas
1259 1284 1312 1319 in-

130 1349 333 1394 sequentes
352 1346 553 1382 moenibus
570 1345 781 1394 prohibuit,
799 1357 876 1380 uno
892 1344 954 1381 die
969 1345 1072 1381 inter
1090 1345 1185 1382 duos
1205 1359 1313 1394 reges

130 1413 308 1458 coeptum
337 1413 454 1458 atque
481 1413 679 1458 patratum
716 1409 861 1444 bellum
898 1408 1008 1444 foret.
1086 1409 1215 1457 Igitur
1242 1410 1312 1446 Ju-

129 1473 272 1522 gurtha
312 1474 496 1522 oppidum
536 1473 793 1519 circumsedit,
828 1474 952 1510 vineis
987 1475 1238 1524 turribusque
1273 1480 1313 1512 et

130 1536 318 1572 machinis
364 1536 536 1572 omnium
582 1549 766 1585 generum
813 1550 1035 1585 expugnare
1076 1538 1310 1586 aggreditur,

129 1599 297 1635 maxime
315 1599 504 1635 festinans
532 1603 685 1648 tempus
713 1600 927 1647 legatorum
956 1604 1195 1649 antecapere,
1216 1615 1311 1650 quos

129 1666 219 1698 ante
247 1662 435 1710 proelium
463 1662 622 1708 factum,
652 1663 701 1699 ab
728 1663 953 1699 Adherbale
982 1663 1147 1700 Romam
1176 1665 1311 1702 missos

129 1725 341 1761 audiverat.
400 1725 475 1761 Sed
494 1729 698 1774 postquam
719 1730 876 1762 senatus
905 1726 952 1762 de
980 1727 1081 1763 bello
1101 1740 1232 1763 eorum
1252 1742 1310 1764 ac-

129 1790 242 1838 cepit,
263 1793 342 1826 tres
361 1789 622 1827 adolescentes
640 1791 682 1826 in
700 1790 879 1831 Africam
899 1791 1089 1839 legantur,
1111 1793 1178 1841 qui
1197 1794 1310 1830 ambo

128 1867 235 1903 reges
267 1854 420 1900 adeant,
452 1859 609 1891 senatus
636 1856 846 1904 populique
870 1855 1039 1892 Romani
1058 1858 1186 1893 verbis
1213 1871 1309 1894 nun-

127 1918 242 1963 cient,
276 1918 420 1955 “Velle
453 1922 492 1954 et
520 1931 685 1964 censere,
715 1931 778 1954 eos
807 1919 855 1954 ab
878 1919 995 1954 armis
1014 1919 1232 1967 discedere;
1261 1921 1308 1957 de

127 1982 399 2018 controversiis
419 1983 497 2019 suis
521 1982 610 2030 jure
637 1983 778 2031 potius,
800 1996 915 2031 quam
935 1983 1047 2029 bello,
1070 1983 1306 2033 disceptare,

126 2046 182 2082 ita
201 2059 316 2095 seque
337 2047 489 2095 illisque
509 2047 670 2095 dignum
690 2047 805 2083 esse.''

204 2111 348 2148 XXII.
407 2111 546 2159 Legati
573 2112 614 2147 in
643 2111 821 2147 Africam
859 2116 1101 2149 maturantes
1129 2114 1304 2159 Veniunt,

124 2184 168 2209 eo
182 2174 314 2222 magis,
329 2174 431 2222 quod
447 2174 606 2220 Romae,
623 2174 714 2211 dum
730 2175 920 2223 proficisci
934 2180 1085 2225 parant,
1100 2176 1147 2212 de
1161 2178 1305 2225 proelio

1098 2243 1199 2268 0—·7

1098 2267 1118 2278 Α
1178 2265 1199 2278 -Ι
