1543 2449
225 126 274 162 28
496 123 627 161 SALL
639 122 793 161 USTII
831 122 1134 162 JUGURTHA.

223 223 365 260 paucos
401 214 579 259 potentes
616 210 808 245 maximae
845 209 1018 256 divitiae,
1048 210 1090 246 in
1127 211 1402 259 rempublicam

223 275 365 311 damna
392 278 508 322 atque
537 272 724 308 dedecora
755 273 1012 321 pervenerint.
1072 274 1162 310 Nisi
1189 274 1290 310 forte
1313 286 1405 310 non-

223 340 315 375 dum
344 339 461 375 etiam
487 351 555 373 vos
579 337 855 373 dominationis
884 349 1015 373 eorum
1042 338 1201 374 satietas
1225 342 1345 384 tenet,
1365 344 1405 375 et

223 404 301 448 illa,
322 415 437 451 quam
463 401 557 437 haec
582 404 768 449 tempora,
789 400 911 449 magis
939 401 1105 449 placent,
1126 415 1245 450 quum
1273 415 1402 450 regna,

222 468 456 517 provinciae,
477 468 590 515 leges,
607 467 709 514 jura,
725 467 885 515 judicia,
906 467 1009 503 bella
1033 472 1149 516 atque
1177 481 1302 516 paces,
1322 482 1405 518 pos-

222 538 345 569 tremo
373 531 507 567 divina
535 534 574 567 et
601 531 772 567 humana
799 531 929 567 omnia
956 544 1073 580 penes
1100 545 1242 580 paucos
1270 538 1403 580 erant3

223 610 289 633 vos
309 600 452 641 autem,
472 595 544 631 hoc
564 599 622 631 est
640 595 807 644 populus
830 595 1044 641 Romanus,
1064 596 1203 632 invicti
1221 598 1270 633 ab
1288 597 1404 634 hosti-

221 662 304 706 bus,
324 660 576 709 imperatores
594 660 767 695 omnium
786 660 973 708 gentium,
994 660 1088 696 satis
1106 660 1308 698 habebatis
1326 663 1404 698 ani-

221 738 323 761 mam
348 724 515 760 retinere
528 737 538 770 5
566 737 656 760 nam
685 724 913 760 servitutem
942 725 1097 773 quidem
1126 725 1212 773 quis
1230 730 1403 762 vestrum

221 802 397 826 recusare
416 789 608 825 audebat2
662 788 797 837 Atque
817 801 885 837 ego
904 789 1061 825 tametsi
1080 789 1163 825 viro
1191 789 1404 838 flagitiosis-

221 853 361 889 simum
381 853 561 889 existimo
581 853 739 901 impune
758 853 943 900 injuriam
963 853 1165 901 accepisse,
1185 856 1317 889 tamen
1336 867 1405 891 vos

220 918 442 954 hominibus
487 917 791 953 sceleratissimis
836 917 1044 965 ignoscere,
1083 917 1265 965 quoniam
1302 917 1405 954 cives

221 986 324 1027 sunt,
354 994 476 1030 aequo
508 982 637 1018 animo
664 986 829 1030 paterer,
857 981 933 1017 nisi
960 981 1223 1018 misericordia
1250 982 1292 1018 in
1319 995 1403 1031 per-

221 1048 361 1084 niciem
395 1060 530 1083 casura
560 1051 668 1083 esset.
727 1047 831 1083 Nam
863 1050 902 1083 et
930 1046 1019 1092 illis,
1049 1051 1239 1095 quantum
1267 1047 1405 1096 impor-

221 1112 404 1148 tunitatis
423 1112 579 1156 habent,
601 1124 737 1160 parum
766 1115 825 1147 est
849 1111 1008 1159 impune
1036 1111 1136 1147 male
1162 1111 1309 1156 fecisse,
1329 1112 1405 1148 nisi

221 1177 360 1213 deinde
380 1176 549 1212 faciendi
568 1176 726 1212 licentia
754 1175 941 1224 eripitur3
970 1179 1010 1211 et
1029 1175 1138 1211 vobis
1158 1179 1316 1212 aeterna
1335 1177 1407 1227 sol7

221 1241 383 1277 licitudo
410 1240 637 1285 remanebit,
662 1253 781 1288 quum
800 1236 1044 1287 intelligetis,'
1064 1244 1133 1275 aut
1156 1240 1401 1277 serviendum

221 1318 314 1350 esse,
330 1308 400 1341 aut
418 1318 487 1353 per
498 1317 636 1340 manus
651 1304 871 1340 libertatem
886 1304 1138 1340 retinendam.
1197 1304 1301 1341 Nam
1315 1305 1405 1342 fidei

221 1370 377 1419 quidem
405 1372 474 1405 aut
499 1368 724 1404 concordiae
747 1381 844 1416 quae
867 1381 953 1416 spes
981 1369 1063 1405 est?
1118 1368 1323 1406 Dominari
1347 1371 1405 1406 illi

221 1434 371 1478 volunt,
400 1445 469 1468 vos
497 1432 609 1468 liberi
642 1444 722 1468 esse
736 1445 745 1478 3
782 1431 909 1467 facere
936 1431 996 1467 illi
1023 1432 1197 1479 injurias,
1226 1445 1296 1469 vos
1322 1446 1406 1482 pro-

221 1498 374 1533 hibere:
404 1500 597 1545 postremo
624 1496 735 1532 sociis
761 1496 901 1532 vestris
928 1496 1052 1532 veluti
1074 1496 1263 1542 hostibus,
1289 1497 1406 1534 hosti-

222 1562 294 1597 bus
329 1573 399 1609 pro
437 1560 549 1596 sociis
587 1563 762 1596 utuntur.
822 1559 1007 1596 Potestne
1044 1560 1087 1595 in
1123 1563 1204 1596 tam
1241 1560 1405 1597 diversis

223 1625 419 1660 mentibus
437 1637 515 1672 pax
534 1627 603 1659 aut
618 1623 789 1660 amicitia
802 1624 908 1660 esse?
962 1623 1091 1667 Quare
1103 1636 1240 1660 moneo
1259 1623 1407 1659 hortor-

222 1702 296 1738 que
315 1701 384 1725 vos
403 1701 451 1724 ne
471 1692 626 1725 tantum
646 1688 770 1724 scelus
795 1688 1033 1736 impunitum
1053 1688 1253 1725 omittatis.
1313 1688 1406 1726 Non

222 1753 423 1802 peculatus
460 1752 599 1788 aerarii
635 1751 763 1788 factus
800 1755 870 1797 est,
908 1764 1033 1800 neque
1069 1764 1139 1800 per
1175 1752 1255 1787 vim
1293 1752 1405 1788 sociis

222 1820 376 1866 ereptae
395 1816 581 1866 pecuniae
594 1830 604 1863 3
633 1829 742 1865 quae,
759 1829 992 1865 quamquam
1007 1816 1153 1864 gravia,
1169 1820 1301 1852 tamen
1320 1829 1406 1852 con-

223 1881 428 1917 suetudine
452 1881 534 1928 jam
562 1893 632 1929 pro
660 1880 783 1916 nihilo
807 1880 1010 1916 habentur.
1070 1879 1192 1916 Hosti
1219 1880 1405 1918 acerrimo

223 1945 376 1994 prodita
395 1945 521 1982 senati
539 1945 762 1990 auctoritas,
775 1945 973 1994 proditum
988 1945 1193 1993 imperium
1208 1949 1381 1982 vestrum
1395 1960 1404 1992 ;

223 2009 327 2046 domi
354 2009 594 2058 militiaeque
621 2009 839 2058 respublica
866 2009 1015 2045 venalis
1048 2008 1134 2045 fuit.
1195 2009 1302 2053 Quae
1329 2010 1406 2046 nisi

223 2072 398 2121 quaesita
417 2075 543 2117 erunt,
557 2072 599 2107 ni
617 2072 859 2109 vindicatum
878 2071 919 2107 in
932 2071 1080 2116 noxios,
1093 2071 1187 2119 quid
1199 2071 1403 2120 reliquum,

223 2135 299 2171 nisi
327 2138 372 2171 ut
399 2135 487 2180 illis,
509 2134 576 2183 qui
604 2147 649 2170 ea
676 2134 812 2180 fecere,
834 2134 1057 2170 obedientes
1084 2134 1287 2170 vivamus?
1314 2146 1404 2170 nam

223 2200 380 2249 impune
408 2213 506 2249 quae
534 2200 630 2236 libet
656 2199 783 2236 facere
810 2199 850 2236 id
879 2203 938 2236 est
965 2211 1093 2248 regem
1118 2210 1208 2235 esse.
1267 2197 1406 2248 Neque
