1502 2449
120 128 170 165 24
402 125 697 165 SALLUSTII
733 125 798 163 CA
809 126 1014 165 TILINA.

119 224 267 261 domita
293 225 412 261 armis
447 227 638 273 paterent,
676 223 779 260 domi
817 223 941 260 otium
977 228 1094 272 atque
1130 224 1302 271 divitiae,

120 301 219 338 quae
238 289 363 338 prima
391 288 572 325 mortales
600 291 753 336 putant,
784 287 1010 333 adfluerent,
1040 288 1146 325 fuere
1173 292 1305 325 tamen

120 353 223 390 cives
251 353 319 401 qui
349 364 464 400 seque
501 363 658 399 remque
694 351 888 399 publicam
926 351 1133 388 obstinatis
1165 352 1306 388 animis

121 417 318 466 perditum
345 417 457 453 irent.
516 416 698 464 Namque
727 416 877 452 duobus
905 416 1030 452 senati
1057 415 1220 452 decretis
1257 427 1306 451 ex

120 485 233 517 tanta
251 479 505 517 multitudine
524 492 649 528 neque
674 479 844 528 praemio
868 479 1052 516 inductus
1077 479 1307 528 conjuratio-

121 558 209 582 nem
230 544 474 593 patefecerat,
495 556 621 592 neque
646 556 695 580 ex
720 543 855 580 castris
885 544 1075 580 Catilinae
1101 544 1306 593 quisquam

122 609 295 646 omnium
316 608 540 644 discesserat
553 621 562 653 3
591 611 702 644 tanta
721 608 781 643 vis
800 608 935 655 morbi,
957 609 1017 644 uti
1031 608 1150 655 tabes,
1167 608 1306 657 pleros-

122 687 197 723 que
215 673 359 710 civium
379 672 528 708 animos
547 672 754 710 invaserat.

202 736 433 773 XXXVII.
491 735 630 784 Neque
658 736 781 773 solum
810 736 888 773 illis
915 736 1041 774 aliena
1077 749 1186 772 mens
1223 739 1306 772 erat

122 801 191 851 qui
220 800 361 838 conscii
390 800 669 849 conjurationis
688 801 866 848 fuerant,
895 801 960 837 sed
985 801 1143 837 omnino
1169 804 1306 836 cuncta

122 866 265 916 plebes,
313 876 504 901 novarum
550 877 679 901 rerum
726 865 866 912 studio,
916 865 1108 901 Catilinae
1153 864 1308 913 incepta

122 930 322 980 probabat.
381 928 429 964 Id
449 929 544 964 adeo
563 942 668 966 more
688 942 757 966 suo
776 930 984 966 videbatur
1008 929 1144 966 facere.
1202 929 1306 965 Nam

123 1007 274 1043 semper
311 994 353 1029 in
390 993 550 1036 civitate
587 994 728 1042 quibus
765 1008 856 1043 opes
892 994 1023 1031 nullae
1061 998 1153 1030 sunt
1197 993 1308 1029 bonis

122 1058 312 1104 invident,
343 1057 465 1094 malos
492 1058 705 1105 extollunt,
742 1063 875 1095 vetera
903 1058 1026 1104 odere,
1057 1070 1159 1094 nova
1191 1069 1306 1105 exop-

122 1127 234 1169 tant3
282 1121 369 1158 odio
407 1134 564 1158 suarum
601 1135 731 1158 rerum
768 1123 913 1160 mutari
951 1121 1080 1158 omnia
1126 1121 1307 1167 student3

123 1187 240 1223 turba
267 1190 385 1234 atque
413 1185 668 1222 seditionibus
696 1186 777 1222 sine
806 1198 899 1222 cura
926 1185 1097 1230 aluntur,
1125 1185 1308 1234 quoniam
1350 1182 1353 1187 “

125 1255 273 1300 egestas
292 1250 402 1287 facile
418 1250 583 1286 habetur
601 1250 684 1286 sine
699 1250 849 1287 damno.
908 1249 982 1285 Sed
1001 1249 1152 1285 urbana
1166 1249 1305 1297 plebes,

125 1328 170 1353 ea
206 1327 298 1351 Vero
334 1327 516 1364 praeceps
553 1314 651 1350 ierat
687 1315 821 1350 multis
849 1314 895 1351 de
923 1315 1073 1350 caussis.
1131 1313 1310 1350 Primum

125 1379 310 1425 omnium,
332 1379 400 1428 qui
419 1379 562 1427 ubique
586 1379 725 1428 probro
750 1383 867 1428 atque
894 1378 1114 1428 petulantia
1141 1377 1309 1414 maxime

125 1444 376 1494 praestabant
388 1457 398 1491 3
428 1443 521 1480 item
541 1443 609 1480 alii
629 1456 696 1492 per
716 1443 900 1480 dedecora
927 1442 1172 1492 patrimoniis
1200 1441 1310 1478 amis-

126 1510 178 1546 sis
185 1522 195 1556 5
223 1513 416 1558 postremo
437 1521 566 1545 omnes
586 1521 682 1557 quos
704 1507 894 1556 flagitium
921 1510 991 1543 aut
1018 1506 1167 1542 facinus
1197 1505 1310 1542 domo

126 1573 330 1621 expulerat
338 1585 347 1619 3
376 1572 417 1608 hi
431 1572 607 1618 Romam,
626 1571 740 1607 sicuti
754 1571 796 1606 in
810 1570 1014 1616 sentinam,
1030 1570 1308 1617 confluxerant.

127 1638 279 1675 Deinde
307 1637 424 1673 multi
450 1649 637 1673 memores
666 1636 849 1673 Sullanae
885 1635 1080 1682 victoriae,
1123 1635 1225 1684 quod
1263 1647 1312 1671 ex

127 1702 311 1751 gregariis
340 1701 528 1737 militibus
556 1701 651 1736 alios
679 1704 874 1736 senatores
902 1699 1098 1746 videbant,
1128 1699 1223 1735 alios
1255 1699 1312 1735 ita

129 1767 269 1803 divites
297 1766 357 1802 uti
384 1765 489 1814 regio
518 1765 625 1801 victu
654 1770 770 1812 atque
803 1763 910 1800 cultu
940 1767 1107 1800 aetatem
1140 1768 1309 1812 agerent,

129 1831 204 1867 sibi
240 1830 412 1879 quisque,
452 1830 485 1866 si
521 1829 563 1865 in
600 1829 716 1865 armis
753 1828 893 1873 forent,
933 1840 982 1864 ex
1019 1827 1182 1864 victoria
1217 1827 1313 1871 talia

129 1895 344 1943 sperabant.
404 1895 620 1941 Praeterea,
643 1895 833 1943 juventus
854 1906 952 1942 quae
977 1893 1019 1929 in
1047 1892 1150 1941 agris
1177 1905 1312 1928 manu-

130 1971 196 1995 um
242 1959 415 1995 mercede
461 1958 630 2007 inopiam
681 1957 924 2003 toleraverat,
979 1957 1144 2006 privatis
1195 1961 1313 2005 atque

130 2021 293 2070 publicis
321 2021 593 2070 largitionibus
621 2022 759 2068 excita,
788 2022 981 2058 urbanum
1009 2022 1133 2058 otium
1159 2021 1314 2069 ingrato

131 2085 254 2121 labori
291 2085 552 2133 praetulerat3
600 2099 664 2123 eos
697 2090 813 2135 atque
850 2086 945 2123 alios
991 2098 1122 2122 omnes
1167 2084 1313 2120 malum

131 2148 328 2198 publicum
348 2149 484 2185 alebat.
545 2150 629 2194 Quo
649 2151 777 2187 minus
806 2150 1027 2187 mirandum
1055 2153 1113 2186 est
1140 2148 1314 2185 homines

133 2217 296 2263 egentes,
321 2213 431 2250 malis
450 2214 632 2260 moribus,
654 2215 824 2251 maxima
843 2227 920 2263 spe,
942 2213 1174 2264 reipublicae
1197 2213 1314 2262 juxta
