1502 2449
170 142 216 177 10
449 141 748 181 SALLUSTII
781 139 843 178 CA
855 140 1059 177 TILINA.

165 240 296 287 animi,
335 241 469 278 molles
506 245 545 277 et
582 244 709 278 aetate
746 239 854 285 fluxi,
886 239 984 276 dolis
1011 239 1117 280 haud
1145 240 1351 277 difficulter

165 306 427 354 capiebantur.
485 306 592 342 Nam
620 306 680 342 uti
708 305 894 353 cujusque
927 305 1101 342 studium
1138 319 1187 342 ex
1223 310 1350 343 aetate

166 371 363 420 flagrabat,
386 372 472 408 aliis
492 375 617 408 scorta
636 371 829 420 praebere,
852 370 940 407 aliis
960 383 1073 407 canes
1092 375 1209 420 atque
1232 383 1350 420 equos

166 437 350 489 mercari,-
383 441 587 486 postremo,
619 448 744 484 neque
773 435 958 484 sumptui,
988 449 1113 485 neque
1139 436 1350 472 modestiae

164 514 257 539 suae
284 515 449 552 parcere,
482 501 574 538 dum
603 500 691 542 illos
720 500 908 539 obnoxios
936 500 1108 551 fidosque
1145 502 1219 538 sibi
1255 502 1350 539 face-

163 573 232 605 ret.
248 598 255 605 .
265 598 271 605 .
282 598 290 605 .
556 584 574 592 -
849 551 861 565 Ἰ
1293 560 1297 563 .

243 633 337 671 XV.
395 633 488 670 Jam
508 632 677 681 primum
698 632 918 669 adolescens
939 632 1108 669 Catilina
1134 634 1258 669 multa
1287 647 1347 669 ne-

162 697 280 734 fanda
308 701 443 746 stupra
471 698 624 743 fecerat,
656 710 742 733 cum
772 697 924 746 virgine
952 697 1084 744 nobili,
1115 711 1202 734 curn
1231 711 1350 735 sacer-

162 762 250 798 dote
270 762 425 808 Vestae,
448 762 523 798 alia
542 762 808 811 hujuscemodi
828 767 963 799 contra
977 763 1043 812 jus
1064 763 1208 812 fasque.
1260 763 1349 800 Pos-

162 831 295 874 tremo,
318 832 453 876 captus
473 841 601 864 amore
621 827 809 864 Aureliae
826 828 1042 874 Orestillae,
1061 828 1179 877 eujus,
1197 832 1350 877 praeter

160 894 333 939 formam,
356 893 454 929 nihil
474 906 647 942 unquam
669 894 794 930 bonus
813 893 1000 940 laudavit,
1024 894 1126 943 quod
1145 907 1190 930 ea
1205 894 1350 931 nubere

160 958 220 994 illi
248 958 463 1005 dubitabat,
495 958 638 995 timens
667 958 893 1008 privignum
931 959 1066 999 adulta
1102 963 1240 1005 aetate,
1279 972 1350 1008 pro

160 1027 265 1059 certo
293 1023 473 1070 creditur,
504 1028 642 1060 necato
671 1024 762 1070 filio,
794 1037 956 1061 vacuam
985 1024 1142 1061 domum
1180 1024 1350 1061 scelestis

160 1089 309 1138 nuptiis
328 1089 471 1127 fecisse.
529 1089 636 1134 Quae
656 1089 813 1139 quidem
832 1103 893 1126 res
913 1090 1010 1127 mihi
1029 1090 1072 1126 in
1090 1090 1227 1138 primis
1248 1089 1350 1126 vide-

160 1159 227 1190 tur
254 1167 388 1191 caussa
416 1155 533 1195 fuisse
559 1155 742 1192 facinoris
768 1155 1003 1192 maturandi.
1062 1155 1244 1204 Namque
1270 1155 1349 1191 ani-

161 1233 245 1257 mus
264 1220 450 1269 impurus,
469 1221 528 1259 dis
543 1220 843 1270 hominibusque
858 1220 1032 1266 infestus,
1051 1233 1176 1269 neque
1191 1218 1359 1269 vigiliis‚'

161 1298 285 1335 neque
306 1285 502 1334 quietibus
529 1286 656 1322 sedari
678 1289 859 1335 poterat,
898 1285 955 1322 ita
983 1285 1219 1322 conscientia
1247 1297 1349 1320 men-

161 1356 241 1389 tem
267 1351 434 1388 excitam
462 1352 654 1390 vastabat.
713 1352 842 1401 Igitur
870 1351 971 1388 colos
999 1350 1216 1399 exsanguis,
1248 1349 1350 1386 foedi

160 1416 272 1463 oculi,
304 1415 402 1453 citus
431 1417 554 1463 modo,
585 1417 700 1454 modo
730 1417 867 1454 tardus
896 1417 1090 1463 incessus3
1123 1427 1280 1464 prorsus
1308 1415 1350 1451 in

160 1482 258 1519 facie
278 1482 469 1532 vultuque
490 1483 670 1519 vecordia
689 1483 825 1519 inerat.

240 1547 356 1584 XVI.
417 1548 490 1584 Sed
513 1548 778 1597 juventutem,
801 1561 928 1597 quam,
950 1551 996 1584 ut
1022 1560 1139 1596 supra
1164 1546 1346 1592 diximus,

160 1612 349 1659 illexerat,
380 1613 513 1650 multis
542 1614 666 1650 modis
695 1614 798 1650 mala
825 1613 997 1650 facinora
1034 1613 1227 1650 edocebat.
1287 1611 1349 1648 Ex

160 1677 237 1714 illis
269 1682 387 1715 testes
425 1679 715 1728 signatoresque
754 1679 870 1732 falso-s
907 1678 1173 1724 commodare,
1220 1677 1346 1722 fidem,

160 1742 347 1789 fortunas,
378 1744 549 1792 pericula
576 1744 672 1780 vilia
700 1743 867 1790 habere3
905 1746 1002 1792 post,
1034 1742 1102 1778 ubi
1130 1754 1265 1779 eorum
1297 1741 1349 1778 fa-

161 1821 263 1844 mam
282 1817 399 1857 atque
418 1810 605 1858 pudorem
624 1797 843 1855 attriverat,
862 1809 1009 1858 majora
1024 1807 1100 1844 alia
1115 1807 1348 1856 imperabat:

161 1872 194 1908 si
213 1885 345 1909 caussa
363 1875 546 1923 peccandi
565 1874 606 1910 in
626 1887 808 1924 praesens
828 1874 958 1910 minus
972 1873 1211 1921 suppetebat,
1226 1871 1349 1908 nihilo

161 1939 290 1975 minus
309 1939 490 1986 insontes,
513 1940 629 1976 sicuti
656 1944 797 1986 sontes,
827 1938 1119 1984 circumvenire,
1146 1937 1348 1986 jugulare:

162 2004 317 2050 scilicet,
339 2017 387 2040 ne
407 2018 476 2053 per
496 2006 619 2041 otium
640 2008 904 2055 torpescerent
926 2016 1064 2040 manus
1089 2008 1158 2039 aut
1183 2002 1345 2048 animus,

161 2069 333 2117 gratuito
360 2071 489 2118 potius
517 2071 642 2107 malus
672 2075 788 2120 atque
814 2070 980 2106 erudelis
1006 2073 1100 2106 erat.
1158 2068 1235 2104 His
1257 2067 1349 2108 ami-

161 2133 216 2170 cis
235 2134 422 2183 sociisque
443 2136 608 2172 confisus
629 2136 809 2182 Catilina,
833 2135 949 2172 simul
969 2134 1070 2184 quod
1091 2146 1156 2170 aes
1179 2133 1348 2170 alienum

162 2210 231 2246 per
250 2210 384 2235 omnes
404 2202 527 2236 terras
547 2200 683 2249 ingens
703 2205 796 2247 erat,
819 2204 859 2237 et
878 2200 981 2249 quod
1000 2199 1173 2249 plerique
1198 2198 1350 2235 Sullani

163 2262 316 2310 milites,
338 2263 484 2313 largius
505 2277 573 2301 suo
592 2266 664 2311 usi,
687 2266 913 2315 rapinarum
932 2269 972 2302 et
993 2264 1179 2302 victoriae
1206 2263 1350 2318 veteris
