1502 2449
89 85 137 122 12
373 82 506 121 SALL
516 82 642 120 USTI
641 82 669 120 I
703 81 759 121 ΟΛ
769 83 975 122 TILINA.

167 182 334 222 XVIII.
393 184 468 220 Sed
487 186 602 220 antea
621 183 716 218 item
735 183 984 232 conjuravere
1005 184 1116 234 pauci
1136 189 1269 222 contra

88 249 376 297 rempublicam,
403 249 445 284 in
468 248 608 297 quibus
636 247 806 284 Catilina
833 249 931 297 fuit;
969 250 1016 287 de
1046 263 1123 299 qua
1152 264 1268 300 quam

89 313 289 349 verissime
322 318 455 362 potero
488 313 623 349 dicam.
688 312 730 349 L.
772 313 886 350 Tullo
919 314 975 351 Μ’
999 315 1146 364 Lepido
1183 329 1270 352 con-

89 378 238 414 sulibus
266 378 308 415 P.
340 378 562 414 Autronius
595 380 634 413 et
671 377 714 414 P.
756 377 874 424 Sulla,
914 379 1063 428 legibus
1099 381 1271 417 ambitus

88 443 329 492 interrogati,
365 456 506 492 poenas
535 442 733 480 dederant.
793 442 888 479 Post
920 445 1052 493 paullo
1086 445 1268 491 Catilina,

89 510 339 557 pecuniarum
367 508 669 557 repetundarum
697 520 796 554 reus,
827 509 1047 557 prohibitus
1075 515 1158 547 erat
1186 523 1272 547 con-

89 572 260 608 sulatum
297 576 437 620 petere,
478 572 580 620 quod
617 572 724 608 intra
760 572 954 621 legitimos
986 575 1068 611 dies
1100 576 1272 624 profiteri

89 640 328 688 nequiverat.
387 638 485 674 Erat
512 638 644 675 eodem
672 642 845 688 tempore
875 639 944 677 Cn.
985 640 1085 687 Piso,
1125 642 1271 679 adoles-

90 716 178 740 cens
198 696 349 749 nobilis,
371 716 543 740 summae
563 704 756 751 audaciae,
782 717 908 754 egens,
936 705 1129 752 factiosus,
1159 719 1272 756 quem

89 770 137 806 ad
151 769 451 818 perturbandam
469 770 748 818 rempublicam
763 770 894 819 inopia
909 774 1026 819 atque
1041 771 1134 807 mali
1149 784 1274 808 mores

88 835 352 871 stimulabant.
413 834 511 871 Cum
539 835 610 871 hoc
640 835 809 872 Catilina
837 840 876 872 et
916 836 1139 872 Autronius
1175 837 1275 873 circa

88 900 224 937 Nonas
253 900 484 936 Decembres
511 901 670 937 consilio
697 901 979 937 communicato
1008 902 1198 950 parabant
1232 902 1273 938 in

90 965 282 1015 Capitolio
320 965 513 1002 Kalendis
550 965 753 1003 Januariis
782 966 824 1003 L.
858 967 1013 1003 Cottam
1042 971 1080 1003 et
1110 967 1153 1003 L.
1185 967 1274 1003 Tor-

88 1036 251 1080 quatum
280 1032 454 1068 consules
482 1032 722 1079 interficere;
760 1032 845 1081 ipsi,
877 1032 1047 1069 fascibus
1075 1033 1261 1081 correptis

88 1096 271 1134 Pisonem
290 1110 376 1133 cum
404 1098 578 1134 exercitu
603 1098 652 1134 ad
680 1098 911 1134 obtinendas
937 1098 1034 1135 duas
1061 1098 1275 1147 Hispanias

89 1163 256 1200 mittere.
314 1163 373 1198 Ea
400 1175 441 1199 re
466 1163 630 1212 cognita,
658 1175 790 1199 rursus
815 1163 857 1199 in
883 1163 923 1199 N
926 1176 1018 1199 onas
1045 1163 1275 1199 Februarias

88 1228 292 1265 consilium
313 1228 438 1265 caedis
457 1229 750 1265 transtulerant.
799 1228 827 1264 J
830 1241 891 1264 am
911 1232 997 1264 tum
1016 1241 1094 1264 non
1114 1228 1274 1264 consuli-

88 1294 161 1330 bus
180 1294 303 1341 modo,
326 1294 392 1330 sed
411 1294 612 1343 plurisque
631 1294 876 1330 senatoribus
894 1293 1105 1343 perniciem
1130 1293 1273 1329 machi-

89 1358 292 1395 nabantur.
352 1359 465 1403 Quod
503 1359 545 1396 ni
583 1359 755 1396 Catilina
791 1362 1025 1395 maturasset
1061 1371 1131 1407 pro
1169 1358 1276 1394 curia

89 1425 244 1474 signum
272 1424 382 1461 sociis
411 1425 513 1471 dare,
544 1438 588 1462 eo
616 1425 678 1462 die
704 1429 791 1473 post
817 1424 1013 1461 conditam
1037 1424 1173 1460 urbem
1200 1423 1275 1459 Ro-

88 1502 243 1526 manam
271 1490 481 1539 pessimum
505 1491 655 1527 facinus
675 1495 872 1540 pat-ratum
893 1491 1003 1527 foret.
1062 1490 1165 1535 Quia
1183 1502 1276 1526 non-

90 1555 183 1591 dum
210 1555 434 1604 frequentes
463 1557 604 1592 armati
630 1560 891 1592 convenerant
916 1550 964 1592 ea
987 1568 1048 1591 res
1073 1555 1275 1591 consilium

90 1621 255 1658 diremit.

169 1687 288 1725 XIX.
348 1686 490 1723 Postea
502 1687 593 1723 Piso
607 1687 649 1723 in
662 1687 878 1724 citeriorem
895 1686 1130 1735 Hispaniam
1145 1698 1276 1734 quaes-

90 1757 152 1789 tor
180 1765 249 1801 pro
277 1757 454 1801 praetore
483 1754 624 1789 missus
653 1757 723 1797 est,
758 1752 962 1788 adnitente
992 1751 1140 1800 Crasso,
1172 1750 1277 1800 quod

90 1831 178 1855 eum
197 1817 384 1854 infestum
404 1818 605 1854 inimicum
622 1818 690 1855 Cn.
710 1818 894 1866 Pompeio
910 1820 1151 1865 cognoverat.
1200 1815 1276 1852 Ne-

90 1895 166 1933 que
185 1886 315 1919 tamen
331 1888 488 1920 senatus
503 1883 742 1932 provinciam
758 1883 907 1919 invitus
924 1882 1082 1919 dederat
1096 1896 1105 1929 ;
1134 1881 1277 1930 quippe

90 1947 245 1984 foedum
282 1947 477 1984 hominem
515 1961 538 1985 a
575 1948 773 1997 republica
810 1947 944 1996 procul
981 1959 1062 1984 esse
1099 1946 1276 1992 volebat3

91 2012 218 2058 simul,
239 2012 330 2060 quia
350 2012 441 2048 boni
457 2013 672 2061 complures
685 2013 921 2062 praesidium
936 2012 978 2048 in
997 2025 1042 2048 eo
1061 2011 1252 2060 putabant
1266 2024 1276 2057 3

91 2078 220 2126 etjam
233 2081 317 2113 tum
330 2078 505 2126 potentia
521 2078 589 2116 Cn.
606 2079 783 2128 Pompeii
798 2078 1048 2115 formidolosa
1063 2080 1154 2113 erat.
1201 2075 1276 2112 Sed

91 2144 126 2180 is
153 2142 244 2179 Piso
272 2143 314 2179 in
342 2144 540 2192 provincia
568 2144 616 2180 ab
646 2144 844 2193 equitibus
873 2142 1076 2192 Hispanis,
1107 2153 1203 2190 quos
1235 2140 1276 2177 in

92 2207 266 2246 exercitu
287 2208 481 2254 ductabat,
509 2208 584 2244 iter
610 2208 756 2245 faciens
783 2208 928 2245 occisus
955 2211 1022 2244 est.
1083 2206 1184 2243 Sunt
1210 2205 1276 2255 qui
