1502 2449
136 122 186 158 42
419 120 554 160 SALL
564 121 715 160 USTII
750 119 1028 161 CATILINA.

134 231 253 255 manu
273 232 360 255 cum
378 218 528 268 magnis
542 219 759 267 legionibus
773 219 945 256 hostium
961 220 1205 257 contendisse
1212 234 1222 268 3
1238 234 1320 270 cog-

134 295 328 328 noveram,
350 283 479 332 parvis
498 283 617 332 copiis
637 283 737 319 bella
759 288 866 332 gesta
894 297 981 320 cum
1007 284 1201 333 opulentis
1226 284 1320 334 regi-

135 347 229 396 bus3
270 348 320 384 ad
353 347 434 392 hoc,
469 360 581 396 saepe
608 348 788 385 fortunae
820 348 1046 386 violentiam
1076 349 1301 386 toleravisse
1309 363 1319 396 3

133 411 317 447 facundia
349 411 526 457 Graecos,
560 411 683 460 gloria
714 412 806 448 belli
838 412 978 452 Gallos,
1001 419 1090 450 ante
1121 414 1320 450 Romanos

134 475 260 512 fuisse.
318 475 380 512 Ac
405 475 502 511 mihi
528 476 654 512 multa
678 476 846 524 agitanti
870 478 1083 524 constabat,
1109 490 1318 526 paucorum

134 539 277 575 civium
310 539 501 588 egregiam
529 539 717 577 virtutem
747 544 886 577 cuncta
912 542 1154 590 patravisse3
1199 554 1320 590 eoque

132 603 288 651 factum,
310 603 371 639 uti
396 603 554 640 divitias
582 608 799 652 paupertaS,
826 604 1119 641 multitudinem
1145 605 1319 653 paucitas

132 673 342 717 superaifflet
401 668 476 705 Sed
503 674 709 718 postquam
736 669 834 706 luxu
862 673 980 718 atque
1009 670 1156 706 desidia
1183 670 1320 707 civitas

133 736 314 780 corrupta
342 736 410 779 est,
440 745 572 769 rursus
600 733 818 782 iespublica
846 733 1116 782 magnitudine
1148 747 1217 770 sua
1247 734 1318 770 im-

133 800 354 844 peratoium
382 801 498 845 atque
526 797 826 845 magistratuum
846 789 945 833 vitia
965 798 1231 844 sustentabat3
1263 811 1317 844 ac,

132 861 247 897 sicuti
283 861 396 897 effeta
433 865 560 897 aetate
596 866 815 910 parentum,
855 861 991 898 multis
1023 863 1320 911 tempestatibus

130 925 235 961 haud
271 938 362 962 sane
400 926 605 974 quisquam
642 926 790 962 Romae
827 926 976 962 virtute
1022 937 1185 973 magnus
1231 927 1317 965 fuit.

132 990 434 1037 Sed‚mem01ia
462 1004 557 1037 mea,
588 990 738 1039 ingenti
766 990 926 1036 virtute,
956 990 1119 1027 diversis
1147 991 1320 1028 moribus

130 1055 238 1093 fuere
260 1056 336 1092 viri
361 1056 447 1103 duo,
470 1056 525 1094 M.
550 1057 658 1103 Cato,
680 1061 719 1092 et
746 1056 785 1093 O.
811 1056 976 1104 Caesar,
1006 1068 1111 1106 quos,
1134 1055 1319 1105 quoniam

130 1131 191 1155 res
219 1118 425 1165 obtulerat,
455 1119 610 1156 silentio
638 1119 849 1168 praeterire
879 1132 958 1155 non
991 1119 1069 1155 fuit
1102 1118 1318 1163 consilium,

131 1183 226 1232 quin
255 1184 458 1232 utriusque
490 1189 671 1221 naturam
702 1189 742 1222 et
772 1197 909 1231 mores,
942 1188 1134 1234 quantum
1164 1183 1321 1232 ingenio
1351 1190 1355 1194 “

131 1261 290 1297 possem,
313 1249 513 1297 aperirem.

211 1311 320 1349 LIV.
379 1312 509 1361 Igitur
537 1313 597 1349 his
625 1326 758 1362 genus,
789 1317 908 1360 aetas,
938 1312 1170 1361 eloquentia,
1202 1325 1320 1362 prope

130 1377 307 1427 aequalia
325 1378 454 1425 fuere,
479 1377 851 1426 magnitudoanimi
869 1391 950 1426 par,
971 1378 1067 1414 item
1087 1378 1209 1426 gloria
1220 1391 1231 1425 3
1254 1379 1321 1415 sed

130 1443 206 1479 alia
238 1443 315 1479 alii.
375 1443 515 1479 Caesar
552 1443 750 1480 beneficiis
783 1456 826 1479 ac
859 1442 1126 1479 munificentia
1158 1455 1321 1491 magnus

130 1500 357 1554 habebatur,
381 1509 607 1557 integritate
626 1509 730 1544 vitae
758 1508 864 1545 Cato.
923 1508 997 1545 Ille
1023 1508 1322 1545 mansuetudine

131 1577 170 1610 et
197 1573 459 1609 misericordia
487 1574 613 1609 clarus
646 1572 784 1618 factus,
815 1572 906 1609 huic
939 1573 1125 1609 severitas
1158 1572 1322 1623 dignita-

128 1639 208 1671 tem
228 1634 440 1671 addiderat,
491 1634 633 1670 Caesar
652 1633 791 1680 dando,
808 1634 1058 1679 sublevando,
1074 1633 1319 1682 ignoscendo,

131 1698 227 1735 Cato
248 1698 347 1734 nihil
369 1698 568 1746 largiendo
587 1698 750 1747 gloriam
769 1698 942 1747 adeptus.
1003 1697 1051 1734 In
1073 1698 1195 1734 altero
1213 1697 1323 1734 mise-

129 1764 183 1799 ris
202 1763 432 1812 perfugium,
448 1763 491 1799 in
510 1763 632 1799 altero
651 1763 764 1799 malis
785 1763 972 1812 pernicies
989 1777 998 1810 3
1022 1763 1128 1799 illius
1143 1763 1320 1807 facilitas,

130 1825 247 1872 hujus
284 1824 503 1860 constantia
540 1824 783 1861 laudabatur.
861 1824 1064 1861 Postremo
1104 1824 1244 1860 Caesar
1280 1823 1322 1859 in

131 1886 304 1921 animum
330 1886 541 1935 induxeiat
564 1886 750 1930 labmare,
778 1886 965 1934 vigilare·
956 1915 966 1932 ,
995 1885 1160 1934 negotiis
1187 1884 1322 1934 amico-

130 1962 218 1985 ium
237 1949 425 1995 intentus,
447 1963 515 1986 sua
534 1951 739 1999 neglige1e‚
762 1950 862 1986 nihil
883 1950 1083 1998 denegar,e
1100 1949 1202 1998 quod
1221 1949 1322 1985 dono

130 2014 292 2063 dignum
330 2019 454 2060 essem
502 2014 577 2050 sibi
613 2027 798 2062 magnum
835 2014 1054 2063 imperium,
1096 2012 1320 2052 exelcitum,

130 2091 276 2115 novum
296 2077 439 2113 bellurn
462 2079 684 2127 exoptabat,
706 2079 774 2114 ubi
793 2078 920 2114 virtus
945 2078 1154 2114 enitescere
1180 2081 1317 2125 posset.

130 2143 190 2180 At
223 2142 364 2179 Catoni
396 2142 567 2178 studium
603 2143 826 2191 modestiae,
863 2142 1020 2188 decoris,
1054 2141 1120 2178 sed
1152 2141 1322 2177 maxime

131 2205 351 2243 severitatis
376 2209 467 2242 erat.
527 2205 620 2242 Non
646 2206 796 2243 divitiis
823 2219 911 2243 cum
936 2205 1068 2252 divite,
1096 2217 1222 2255 neque
1247 2204 1322 2242 fac-
