1543 2449
191 111 240 145 50
466 109 601 147 SALL
611 108 763 146 USTII
795 108 1104 146 JUGURTHA.

192 195 399 240 officerent,
426 195 560 231 multis
586 194 736 231 amissis
761 194 803 230 in
827 194 911 230 loca
935 195 1088 231 munita
1110 207 1191 231 sese
1216 195 1370 244 recepit.

193 259 389 305 Metellus,
423 259 569 296 infecto
604 259 771 307 negotio,
800 263 1005 308 postquam
1041 272 1121 296 nox
1157 260 1303 306 aderat,
1334 260 1377 297 in

193 328 320 360 castra
339 337 426 359 011111
446 323 622 359 exercitu
641 323 862 359 revertitur.

272 387 384 424 LIX.
443 386 573 435 Igitur
599 389 753 434 postero
781 385 855 431 die,
884 385 993 434 prius
1018 399 1133 435 quam
1162 386 1211 423 ad
1237 398 1379 435 oppug-

194 452 367 488 nandum
396 451 654 499 egrederetur,
685 451 903 499 equitatum
932 465 1084 488 omnem
1114 453 1156 488 111
1183 465 1228 489 ea
1255 456 1379 501 parte,

196 529 272 564 qua
304 516 405 563 regis
435 515 628 552 adventus
661 520 756 561 erat,
786 529 857 564 pro
890 517 1027 553 castris
1065 517 1212 565 agitare
1244 518 1381 566 jubet3

196 585 328 630 portas
347 584 387 616 et
406 579 584 628 proxima
602 579 687 616 loca
705 580 875 616 tribunis
902 580 1106 629 dispertit3
1136 580 1275 618 deinde
1300 581 1382 630 ipse

199 646 326 695 pergit
362 645 411 681 ad
445 645 630 694 oppidum
668 648 796 693 atque,
826 649 873 682 ut
899 646 1096 695 superiore
1124 645 1198 692 die,
1227 658 1383 682 murum

201 709 432 759 aggreditur.
510 708 677 745 Interim
714 709 741 745 J
746 709 916 757 ugurtha
952 723 1001 746 ex
1038 710 1189 746 occult-0
1225 712 1384 758 repente

201 779 352 811 nostros
380 772 555 810 invadit:
586 773 653 822 qui
678 773 720 809 in
742 774 919 822 proximo
947 774 1064 810 locati
1092 774 1260 819 fuerant,
1280 773 1387 822 paul-

202 840 320 888 lisper
352 838 481 874 territi
511 838 794 886 perturbantur
806 852 816 885 3
856 838 997 887 reliqui
1029 839 1106 874 cito
1136 838 1383 874 subveniunt.

204 904 342 952 Neque
361 902 510 938 diutius
530 901 728 938 Numidae
748 902 926 939 resistere
942 902 1169 951 quivissent,
1183 902 1225 939 ni
1238 901 1388 951 pedites

205 980 291 1004 cum
311 957 508 1016 equitibus
532 967 718 1015 permixti
743 980 923 1015 magnam
946 968 1094 1004 cladem
1116 968 1159 1004 in
1184 980 1390 1016 congressu

205 1033 401 1068 facerent:
442 1030 582 1079 quibus
610 1031 670 1066 illi
705 1030 809 1077 freti,
838 1045 928 1077 non,
959 1036 1004 1068 ut
1040 1032 1210 1081 equestri
1245 1031 1392 1081 praelio

206 1096 315 1141 solet,
332 1094 451 1143 sequi,
469 1094 560 1130 dein
574 1094 707 1131 cedere
721 1108 731 1142 3
760 1095 825 1131 sed
842 1095 1014 1132 adversis
1029 1096 1137 1145 equis
1153 1108 1391 1141 concurrere,

206 1157 406 1206 implicare
426 1170 470 1193 ac
488 1158 718 1205 perturbare
737 1158 858 1194 aciem
871 1173 882 1206 3
910 1159 967 1195 ita
986 1159 1178 1208 expeditis
1196 1159 1394 1208 peditibus

208 1223 288 1259 suis
307 1223 437 1258 hostes
456 1235 577 1270 paene
598 1223 721 1259 victos
741 1223 842 1260 dare.
1402 1213 1406 1217 ”

289 1287 375 1324 LX.
435 1287 583 1323 Eodem
604 1291 777 1336 tempore
798 1288 902 1336 apud
922 1288 1081 1324 Zamam
1101 1301 1242 1337 magna
1261 1288 1301 1324 vi
1321 1301 1398 1325 cer-

212 1354 378 1389 tabatur.
438 1352 522 1389 Ubi
549 1352 712 1400 quisque
737 1352 888 1400 legatus
916 1357 986 1388 aut
1013 1353 1195 1388 tribunus
1224 1353 1396 1397 curabat,

212 1431 256 1453 oo
283 1416 468 1453 acerrime
496 1416 596 1462 niti3
624 1428 750 1464 neque
775 1415 875 1452 alius
903 1415 945 1451 in
971 1415 1046 1452 alio
1073 1415 1197 1464 magis
1222 1428 1338 1464 quam
1357 1415 1400 1451 in

213 1493 294 1516 sese
323 1492 429 1528 spem
458 1479 599 1515 habere
613 1492 623 1526 3
651 1479 874 1528 pariterque
903 1479 1088 1528 oppidani
1115 1491 1238 1527 agere,
1259 1491 1401 1527 oppug-

214 1557 319 1589 nare,
340 1548 410 1580 aut
437 1557 574 1593 parare
597 1544 777 1580 omnibus
802 1544 908 1590 10015,
936 1544 1089 1580 avidius
1117 1543 1231 1579 alteri
1259 1543 1400 1579 alteros

215 1609 400 1654 sauciare,
430 1621 547 1657 quam
570 1612 693 1645 semet
720 1613 848 1657 tegere
863 1623 873 1656 3
902 1609 1046 1646 clamor
1073 1609 1291 1658 permixtus
1317 1608 1403 1644 hor-

217 1674 376 1718 tatione,
406 1672 569 1718 laetitia,
598 1672 758 1721 gemitu,
788 1673 881 1709 item
915 1673 1102 1722 strepitus
1130 1684 1326 1708 armorum
1354 1671 1402 1707 ad

218 1737 366 1772 caelum
385 1735 481 1772 ferri
493 1749 504 1782 3
532 1735 612 1771 teia
631 1736 828 1785 utrimque
840 1737 979 1773 volare.
1040 1736 1115 1773 Sed
1133 1736 1203 1781 1111,
1220 1735 1288 1784 qui
1305 1747 1404 1771 moe-

218 1801 284 1837 nia
315 1800 584 1846 defensabant,
615 1800 683 1836 ubi
715 1800 845 1837 hostes
876 1801 1051 1850 paullum
1089 1799 1203 1836 modo
1234 1811 1404 1848 pugnam

219 1864 460 1910 remiserant,
487 1863 632 1900 intenti
659 1865 849 1914 proelium
877 1869 1055 1914 equestre
1083 1863 1404 1914 prospectabant:

220 1942 296 1975 eos,
329 1929 390 1965 uti
420 1942 595 1978 quaeque
626 1929 654 1966 J
658 1930 849 1978 ugurthae
881 1942 942 1966 res
975 1933 1098 1975 erant,
1129 1928 1252 1965 laetos
1279 1928 1405 1974 modo,

222 1993 335 2030 niodo
354 1993 527 2042 pavidOS‚
547 1993 876 2030 animadverteres
889 2008 899 2042 3
928 2006 984 2039 ac,
1005 1992 1122 2029 sicuti
1140 1991 1268 2028 audiri
1286 2005 1310 2028 a
1328 1991 1408 2028 suis

223 2061 293 2094 aut
318 2057 424 2093 cerni
447 2061 616 2106 possent,
636 2071 794 2095 monere
816 2058 895 2104 alii,
916 2058 984 2094 alii
1008 2057 1169 2103 hortari,
1193 2060 1264 2093 aut
1289 2069 1409 2093 manu

189 2136 192 2141 ·
225 2122 453 2171 significare,
480 2126 551 2159 aut
574 2123 650 2159 niti
676 2124 913 2173 corporibus,
934 2127 974 2160 et
998 2136 1044 2160 ea
1070 2123 1146 2159 huc
1171 2122 1277 2168 illuc,
1298 2122 1410 2170 quasi

224 2186 431 2222 vitabundi
450 2191 520 2223 aut
533 2187 723 2235 jacientes
738 2189 827 2235 tela,
844 2188 1001 2237 agitare.
1060 2186 1173 2232 Quod
1192 2186 1261 2223 ubi
1279 2185 1408 2222 Mario
