1543 2449
399 110 532 148 SALL
541 109 692 147 USTIJ
723 109 1032 147 JUGURTJJA.
1259 108 1305 144 81

134 195 269 241 mittit,
297 198 447 244 “quam
474 195 641 244 primum
669 194 711 230 in
738 194 965 231 Numidiam
994 193 1121 242 copias
1149 192 1309 229 adduce-

897 258 915 274 '⁷
970 258 1093 302 Quem
1113 257 1181 293 ubi
1199 269 1309 293 cunc-

134 264 216 305 rct3
238 259 374 307 proelii
393 259 560 295 faciendi
580 263 731 307 tempus
751 259 890 295 adesse.

134 323 210 359 tari
246 323 394 371 accepit
430 327 470 359 et
506 322 667 359 dubium
705 323 797 358 belli
833 327 949 371 atque
993 322 1098 371 pacis
1140 321 1310 357 rationes

133 387 297 432 trahere,
328 399 472 432 rursus,
502 387 561 422 uti
593 390 718 431 antea,
748 386 943 434 proximos
975 386 1058 433 ejus
1090 384 1201 421 donis
1233 396 1311 421 cor-

133 450 291 499 rumpit,
320 450 469 499 ipsique
502 450 642 486 Mauro
678 450 882 499 pollicetur
914 449 1124 486 Numidiae
1160 452 1309 497 partem

133 514 302 559 tertiam,
332 514 364 549 si
400 518 470 549 aut
498 513 666 549 Romani
693 513 832 549 Africa
861 513 1023 561 expulsi,
1054 516 1123 548 aut
1149 511 1310 560 integris

134 577 213 613 suis
244 577 387 613 finibus
418 577 562 613 bellum
596 577 849 625 compositum
882 576 992 612 foret.
1051 576 1109 612 Eo
1140 575 1310 624 praemio

134 640 286 677 illectus
311 640 486 677 Bocchus
515 654 601 676 cum
630 653 769 689 magna
796 640 1048 676 multitudine
1072 639 1310 688 ‚Iugurtham

134 703 290 740 accedit.
350 704 415 740 Ita
451 705 649 740 amborum
682 704 856 740 exercitu
888 704 1094 752 conjuncto
1126 703 1310 747 Marium,

130 768 212 816 jam
240 767 281 803 in
308 767 470 803 hiberna
497 768 813 816 proficiscentem,
841 767 909 803 vix
937 767 1085 803 decima
1112 770 1222 815 parte
1250 766 1312 802 die

135 831 294 879 reliqua,
323 831 527 876 invadunt,
556 831 632 866 rati
664 834 827 876 noctem,
861 843 959 879 quae
987 830 1067 877 jam
1098 829 1243 874 aderat,
1273 833 1313 865 et

135 895 250 931 victis
280 895 354 931 sibi
382 895 622 930 munimento
651 894 744 939 fore,
774 897 814 929 et
841 893 873 929 si
900 893 1085 929 vicissent
1111 892 1218 928 nullo
1245 892 1313 927 im-

136 959 368 1008 pedimento,
398 958 489 1006 quia
515 958 686 994 locorum
714 957 878 993 scientes
906 960 1039 1002 erant,
1073 960 1208 992 contra
1238 955 1314 992 Ro-

136 1023 260 1059 manis
285 1027 493 1070 utrumque
519 1034 648 1057 casum
676 1021 718 1056 in
745 1021 915 1056 tenebris
940 1020 1193 1056 difficiliorem
1218 1019 1310 1056 fore.

137 1087 265 1135 Igitur
283 1086 398 1122 simul
417 1085 550 1121 consul
569 1098 617 1120 ex
636 1085 770 1120 multis
789 1084 836 1120 de
854 1084 1024 1120 hostium
1044 1083 1216 1120 adventu
1233 1096 1314 1132 cog-

135 1151 257 1195 novit,
278 1154 318 1185 et
342 1149 416 1198 ipsi
441 1149 570 1185 hostes
593 1148 777 1194 aderant,
806 1152 856 1193 et,
877 1149 1101 1197 priusquam
1121 1148 1314 1184 exercitus

136 1218 206 1251 aut
232 1214 384 1259 instrui,
406 1218 475 1250 aut
503 1213 671 1249 sarcinas
700 1213 889 1261 colligere,
911 1213 1076 1261 denique
1105 1216 1312 1261 antequam

137 1279 289 1327 signum
317 1282 387 1313 aut
413 1277 618 1326 imperium
646 1277 769 1312 ulium
798 1277 969 1324 accipere
997 1276 1135 1325 quivit,
1166 1276 1314 1324 equites

137 1343 269 1379 Mauri
289 1346 404 1390 atque
420 1341 588 1386 Gaetuli,
602 1353 680 1376 non
699 1340 780 1376 acie
799 1353 923 1389 neque
942 1340 1021 1376 ullo
1041 1352 1146 1376 more
1164 1339 1312 1389 proelii,

138 1406 203 1442 sed
223 1405 462 1449 catervatim,
483 1404 542 1440 uti
561 1416 731 1452 quosque
750 1403 829 1439 fors
849 1403 1156 1451 conglobaverat,
1172 1403 1214 1439 in
1232 1416 1316 1439 nos-

138 1474 218 1506 tros
247 1472 503 1514 concurrunt,
536 1467 603 1516 qui
630 1480 761 1503 omnes
789 1466 931 1515 trepidi
958 1466 1167 1515 improviso
1194 1470 1313 1511 metu,

139 1546 182 1569 ac
210 1537 341 1568 tamen
367 1532 526 1567 virtutis
554 1543 751 1575 memores,
775 1534 845 1566 aut
872 1543 979 1566 arma
1006 1530 1222 1578 capiebant,
1246 1534 1315 1566 aut

140 1597 334 1646 capientes
363 1596 457 1632 alios
487 1596 535 1631 ab
566 1595 742 1630 hostibus
772 1594 1048 1639 defensabant,
1081 1607 1170 1642 pars
1199 1606 1316 1642 equos

139 1661 352 1706 escendere,
376 1659 528 1696 obviam
554 1659 609 1695 ire
634 1658 809 1711 hostibus
823 1671 833 1704 5
861 1670 991 1706 pugna
1013 1657 1214 1693 latrocinio
1240 1670 1316 1693 ma-

138 1725 196 1773 gis
224 1737 338 1773 quam
366 1723 509 1772 proelio
537 1722 673 1759 similis
700 1722 806 1767 fieri,
839 1722 921 1757 sine
949 1721 1079 1769 signiS‚
1109 1721 1191 1757 sine
1219 1721 1317 1757 ordi-

139 1790 265 1834 nibus,
286 1788 433 1837 equites
457 1787 606 1836 pedites
627 1786 811 1835 permixti
837 1785 993 1821 caedere
1013 1785 1119 1830 alios,
1140 1785 1235 1821 alios
1254 1785 1316 1821 ob-

138 1857 331 1897 truncare,
351 1852 504 1897 multos,
525 1854 659 1887 contra
677 1850 857 1886 adversos
879 1848 1062 1885 acerrime
1086 1852 1315 1897 pugnantes,

139 1917 188 1953 ab
207 1920 314 1964 tergo
334 1915 610 1951 circumvenire
624 1928 633 1961 3
662 1926 785 1962 neque
805 1913 930 1948 virtus
950 1925 1073 1960 neque
1093 1925 1199 1948 arma
1222 1912 1316 1948 satis

139 1984 279 2027 tegere,
300 1979 401 2027 quod
427 1978 554 2014 hostes
574 1990 733 2013 numero
752 1977 882 2025 plures
902 1980 947 2012 ut
969 1975 1139 2024 undique
1159 1975 1316 2011 circum-

139 2044 239 2090 fusi,
277 2043 442 2091 denique
480 2042 648 2078 Romani
685 2045 834 2077 veteres
873 2037 1083 2091 [novique]
1115 2042 1155 2075 et
1190 2039 1239 2075 ob
1272 2052 1316 2075 ea

139 2107 303 2144 scientes
339 2107 442 2152 belli,
476 2106 509 2142 si
541 2118 635 2155 quos
667 2106 773 2142 locus
805 2108 875 2141 aut
906 2116 1016 2140 casus
1049 2103 1315 2151 conjunxerat,

246 2192 331 2219 συθ.
1189 2178 1210 2214 6
