1502 2449
136 87 184 123 38
417 86 716 125 SALLUSTII
751 86 1028 128 OATJLJNA.

135 196 222 220 eum
260 186 394 219 contra
431 183 709 232 rempublicam
747 188 786 220 et
822 184 988 221 salutem
1035 183 1209 221 omnium
1245 184 1319 221 fac-

135 247 303 284 turum.''

214 311 306 349 LII.
364 310 578 359 Postquam
599 310 739 347 Caesar
758 310 911 347 dicendi
936 312 1052 349 finem
1077 311 1180 358 fecit,
1201 311 1318 348 ceteri

135 376 253 412 verbo
277 374 376 411 alius
404 374 471 409 alii
496 374 603 409 varie
628 373 946 411 adsentiebantur
958 389 968 422 3
1006 381 1047 412 at
1073 377 1128 413 M.
1157 376 1319 412 Porcius

138 440 243 486 Cato,
270 443 428 487 rogatus
453 439 696 485 sententiam,
724 439 988 488 hujuscemodi
1014 442 1226 478 orationem
1255 441 1318 477 ha-

136 505 245 541 buit:
282 504 441 551 “Longe
468 502 566 538 mihi
593 503 670 539 alia
697 516 806 540 mens
834 507 904 550 est,
934 505 1071 541 Patres
1099 505 1316 554 conscripti,

136 582 255 618 quum
285 580 345 604 res
373 572 490 615 atque
521 567 691 615 pericula
720 570 854 603 nostra
874 564 1096 615 considero,
1126 574 1166 606 et
1198 582 1317 618 quum

137 632 349 670 sententias
368 631 645 668 nonnullorum
663 644 814 668 mecum
833 633 914 681 ipse
932 638 1078 682 reputo.
1136 634 1203 670 Illi
1223 634 1320 670 mihi

137 696 360 733 disseruisse
396 695 580 732 videntur
615 696 663 732 de
699 709 824 744 poena
865 708 1008 742 eorum,
1047 698 1115 746 qui
1157 698 1317 746 patriae,

137 761 375 810 parentibus,
396 761 474 797 aris
492 764 610 809 atque
633 762 725 798 focis
751 762 829 798 suis
856 762 1001 798 bellum
1026 775 1231 811 paravere:
1260 775 1320 798 res

138 827 270 860 autem
307 828 448 871 monet,
488 837 621 860 cavere
658 825 706 860 ab
743 825 832 872 illis,
871 838 998 873 quam,
1034 824 1127 874 quid
1163 825 1206 860 in
1242 825 1321 861 illis

138 892 365 934 statuamus,
405 888 633 924 consultare.
701 888 805 924 Nam
843 894 971 925 cetera
1012 889 1199 925 maleficia
1235 893 1320 924 tuni

138 966 376 1002 persequare,
413 953 480 989 ubi
516 953 618 989 facta
656 957 748 990 sunt
762 967 773 1000 3
815 953 887 989 hoc
917 954 994 989 nisi
1025 954 1240 1002 provideris
1272 967 1321 990 ne

139 1017 298 1062 accidat,
333 1017 402 1053 ubi
438 1019 569 1053 evenit
605 1017 753 1054 frustra
782 1017 932 1066 judicia
964 1018 1168 1066 implores3
1210 1023 1322 1069 capta

138 1082 234 1117 urbe
266 1081 366 1117 nihil
399 1081 443 1117 fit
472 1082 612 1130 reliqui
645 1082 767 1119 victis.
827 1082 913 1128 Sed,
948 1095 1015 1131 per
1048 1083 1137 1119 deos
1170 1083 1322 1119 immor-

139 1146 253 1181 tales!
283 1158 350 1181 vos
370 1158 437 1193 ego
456 1145 617 1194 appello,
640 1145 708 1194 qui
727 1159 876 1195 semper
895 1146 1039 1191 domos,
1060 1146 1182 1194 villas,
1201 1147 1319 1196 signa,
1347 1168 1350 1172 ·

140 1212 293 1248 tabulas
330 1214 478 1247 vestras
515 1212 639 1260 pluris
676 1225 792 1261 quam
833 1213 1110 1262 rempublicam
1152 1214 1322 1252 fecistis:

140 1277 173 1313 si
205 1278 292 1323 ista,
324 1278 597 1326 cujuscumque
629 1279 734 1314 modi
766 1283 869 1325 sunt,
904 1292 1001 1328 quae
1034 1278 1320 1328 amplexamini,

140 1342 319 1388 retinere,
341 1343 374 1378 si
395 1343 660 1392 voluptatibus
679 1344 818 1381 vestris
838 1345 961 1381 otium
984 1345 1164 1394 praebere
1190 1344 1322 1389 vultis,

141 1407 450 1456 expergiscimini
480 1408 698 1456 aliquandO,
734 1412 774 1445 et
810 1410 995 1458 capessite
1033 1409 1321 1458 rempublicam.

142 1471 235 1508 Non
271 1471 401 1520 agitur
433 1471 479 1508 de
514 1473 780 1521 vectigalibus,
813 1487 936 1523 neque
969 1475 1016 1510 de
1049 1474 1237 1510 sociorum
1269 1473 1325 1509 in-

136 1536 274 1585 juriis:
303 1536 462 1573 libertas
481 1541 518 1574 et
542 1538 672 1574 anima
697 1542 830 1575 nostra
854 1538 895 1574 in
921 1539 1039 1575 dubio
1066 1543 1133 1576 est.
1192 1539 1337 1587 Saepe--

142 1612 313 1646 numero,
337 1600 472 1637 Patres
496 1602 712 1650 conscripti,
734 1602 859 1638 multa
884 1603 1002 1638 verba
1027 1602 1068 1638 in
1094 1602 1164 1638 hoc
1190 1601 1325 1638 ordine

143 1664 217 1700 feci
229 1677 239 1711 ς
265 1677 375 1713 saepe
394 1665 442 1701 de
461 1665 617 1702 luxuria
635 1670 751 1715 atque
766 1666 930 1703 avaritia
944 1670 1164 1703 nostrorum
1181 1666 1325 1703 civium

143 1732 301 1777 questus
329 1742 424 1776 sum,
455 1730 674 1779 multosque
702 1731 884 1768 mortales
913 1745 957 1767 ea
986 1744 1118 1768 caussa
1146 1731 1325 1768 adversos

142 1791 273 1829 habeo.
334 1793 411 1837 Qui
439 1794 535 1830 mihi
563 1799 680 1843 atque
707 1795 836 1831 animo
866 1808 949 1831 11160
977 1795 1125 1831 nullius
1153 1808 1326 1844 unquam

143 1856 274 1893 delicti
301 1859 465 1906 gratiam
491 1858 676 1907 fecissem,
704 1860 808 1897 hand
834 1860 945 1896 facile
972 1861 1132 1896 alterius
1157 1860 1325 1896 lubidini

142 1919 348 1957 malefacta
381 1922 654 1961 condonabam.
727 1923 813 1969 Sed,
848 1937 893 1960 ea
925 1924 1081 1960 tametsi
1113 1936 1181 1960 vos
1213 1923 1326 1972 parvi

142 1983 377 2032 pendebatis,
395 1991 524 2024 tamen
538 1988 755 2037 respublica
770 1989 880 2025 firma
895 1994 998 2035 erat;
1026 1987 1224 2037 opulentia
1238 1999 1325 2036 neg-

142 2049 341 2098 ligentiam
362 2051 561 2090 tolerabat.
610 2053 649 2089 N
654 2066 728 2089 unc
747 2066 839 2090 vero
859 2066 937 2090 non
956 2053 995 2089 id
1011 2053 1149 2101 agitur,
1166 2051 1326 2088 bonisne

142 2127 192 2150 an
211 2114 323 2151 malis
343 2115 512 2151 moribus
533 2117 720 2163 vivamus,
742 2129 868 2166 neque
894 2121 1095 2166 quantum,
1117 2119 1185 2152 aut
1210 2128 1325 2165 quani

143 2177 388 2227 magnificum
418 2178 789 2231 imperiumpopuli
822 2179 1085 2228 Romanibsit,
1118 2178 1184 2217 sed
1217 2178 1326 2228 cujus
