1543 2449
403 103 697 141 SALLUSTII
728 103 1034 141 JUGURTHA.
1253 105 1299 141 39

132 188 268 225 ceteris
299 191 382 224 arte
412 188 569 224 modum
601 188 804 225 statuisse:
841 191 1040 236 praeterea
1071 187 1302 223 transversis

132 252 335 288 itineribus
362 252 534 300 quotidie
561 256 687 288 castra
711 264 863 288 movere
876 265 886 298 3
909 252 1025 300 juxta
1049 264 1093 287 ae
1118 251 1151 287 si
1174 250 1303 287 hostes

132 314 320 360 adessent,
352 315 454 350 vallo
490 319 606 363 atque
637 315 740 351 fossa
770 315 933 360 munire,
966 315 1118 364 vigilias
1151 315 1303 351 crebras

132 393 283 428 ponere,
303 384 344 416 et
360 380 441 428 ipse
461 393 547 416 cum
566 380 702 429 legatis
722 380 944 417 circumire:
973 380 1067 416 item
1091 380 1133 416 in
1152 379 1302 428 agmine

133 443 174 478 in
204 442 338 491 primis
364 443 489 489 modo,
518 443 630 479 modo
657 443 699 479 in
725 444 939 492 postremis,
969 456 1080 492 saepe
1109 443 1150 479 in
1177 442 1303 478 medio

126 500 274 551 adesse,
290 518 339 542 ne
357 506 559 555 quisquam
579 507 712 543 ordine
731 507 986 555 egrederetur,
1002 507 1062 542 uti
1080 519 1166 542 cum
1186 505 1304 554 signis

133 568 353 617 frequentes
377 569 610 615 incederent,
636 570 746 606 miles
771 570 897 605 cibum
923 574 963 606 et
990 583 1096 605 arma
1119 572 1300 618 portaret.

135 632 198 668 Ita
222 632 459 680 prohibendo
484 646 507 669 a
532 633 694 679 delictis,
714 633 835 681 magis
855 646 969 682 quam
992 633 1224 669 vindicando
1243 645 1305 668 ex-

135 696 297 731 ercitum
315 697 425 732 brevi
444 697 694 733 confirmavit.

214 760 365 796 XLVI.
436 760 592 797 Interea
627 761 655 797 J
658 760 836 808 ugurtha,
874 760 952 806 ubi,
985 773 1082 809 quae
1122 759 1305 796 Metellus

135 825 273 872 agebat
305 838 354 860 ex
385 825 536 861 nunciis
568 826 716 873 accepit
747 825 861 861 simul
893 826 939 861 de
971 825 1192 861 innocentia
1223 825 1306 872 ejus

136 888 275 924 certior
301 888 447 924 Romae
469 888 606 934 factus,
627 888 798 924 diffidere
823 888 901 924 suis
926 889 1052 934 rebus,
1072 901 1116 924 ac
1139 892 1222 924 tum
1246 888 1306 924 de-

136 965 241 987 mum
272 965 403 988 Veram
435 952 669 988 deditionem
704 952 830 988 facere
862 956 1021 987 conatus
1053 956 1120 987 est.
1178 951 1307 999 Igitur

136 1016 279 1063 legatos
298 1015 346 1051 ad
366 1015 559 1051 consulem
578 1028 665 1051 cum
685 1015 881 1063 suppliciis
900 1015 1035 1060 mittit,
1052 1015 1120 1063 qui
1138 1018 1306 1050 tantum-

136 1078 247 1114 modo
269 1078 343 1126 ipsi
367 1078 572 1126 liberisque
597 1079 718 1114 vitam
743 1082 930 1126 peterent,
951 1078 1027 1114 alia
1051 1078 1179 1114 omnia
1198 1077 1307 1114 dede-

135 1143 223 1175 rent
249 1139 390 1187 populo
418 1139 602 1175 Romano.
662 1138 737 1174 Sed
764 1138 924 1174 Metello
948 1139 1028 1186 jam
1057 1143 1171 1174 antea
1198 1151 1308 1187 expe-

135 1203 311 1239 rimentis
347 1203 543 1251 cognitum
574 1206 658 1238 erat
688 1215 808 1250 genus
840 1203 1100 1238 Numidarum
1132 1203 1306 1248 infidum,

136 1266 288 1314 ingenio
313 1266 457 1311 mobili,
476 1278 664 1301 novarum
688 1278 817 1302 rerum
842 1266 999 1302 avidum
1021 1279 1110 1302 esse.
1168 1266 1308 1315 Itaque

136 1329 281 1377 legatos
309 1329 427 1365 alium
456 1330 504 1365 ab
536 1329 611 1365 alio
639 1329 809 1365 diversos
838 1329 1084 1377 adgreditur3
1120 1342 1176 1376 ac,
1204 1330 1309 1378 paul-

136 1393 246 1430 latim
271 1392 468 1437 tentando,
488 1396 691 1440 postquam
717 1396 953 1440 opportunos
974 1393 1164 1441 cognovit,
1185 1393 1311 1430 multa

136 1455 362 1505 pollicendo,
375 1455 591 1504 persuadet,
610 1455 698 1491 “uti
717 1455 744 1492 J
748 1455 966 1503 ugurtham,
980 1457 1147 1493 maxime
1162 1458 1307 1503 vivum,

136 1520 197 1555 sin
223 1519 264 1555 id
290 1532 427 1567 parum
455 1518 646 1567 procedat,
673 1523 852 1555 necatum
881 1519 954 1555 sibi
981 1520 1228 1557 traderent:”
1255 1535 1310 1557 ce-

137 1589 263 1620 terum
287 1584 425 1632 palam,
446 1596 543 1632 quae
567 1596 617 1619 ex
640 1584 842 1619 voluntate
867 1583 996 1619 forent
1020 1584 1111 1632 regi,
1132 1585 1309 1621 nunciari

132 1648 252 1695 jubet.
310 1647 461 1683 Deinde
493 1647 574 1695 ipse
605 1647 737 1695 paucis
770 1647 904 1683 diebus
932 1647 1083 1683 intento
1112 1652 1227 1697 atque
1255 1649 1309 1685 in-

137 1711 235 1747 festo
272 1711 444 1746 exercitu
479 1711 521 1746 in
556 1710 784 1746 Numidiam
821 1711 995 1759 procedit
1008 1724 1018 1758 3
1059 1711 1137 1756 ubi,
1175 1716 1309 1748 contra

135 1775 227 1810 belli
258 1774 407 1819 faciem,
436 1775 592 1822 tuguria
627 1774 741 1823 plena
777 1774 992 1819 hominum,
1022 1787 1159 1823 pecora
1191 1776 1308 1812 culto-

136 1851 270 1886 resque
297 1839 339 1874 in
366 1838 467 1886 agris
492 1842 623 1875 erant:
653 1851 701 1874 ex
726 1838 876 1887 oppidis
902 1842 941 1874 et
965 1839 1179 1887 mapalibus
1203 1853 1309 1888 prae-

136 1902 228 1938 fecti
252 1902 351 1949 regis
377 1902 481 1937 obvii
505 1902 773 1950 procedebant,
794 1902 920 1951 parati
945 1902 1184 1940 frumentum
1204 1904 1306 1950 dare,

136 1970 389 2001 commeatum
425 1969 590 2013 portare,
624 1969 816 2013 postremo
849 1965 988 2011 omnia,
1019 1979 1117 2015 quae
1149 1967 1309 2016 impera-

135 2031 281 2072 rentur,
314 2027 448 2063 facere.
507 2027 644 2076 Neque
681 2027 865 2064 Metellus
897 2029 1038 2065 idcirco
1069 2029 1208 2075 minus,
1242 2030 1308 2067 sed

135 2091 280 2140 pariter
301 2103 344 2126 ac
364 2090 396 2125 si
420 2089 548 2126 hostes
567 2091 755 2137 adessent,
775 2093 925 2129 munito
944 2093 1095 2142 agmine
1119 2094 1306 2141 incedere,

136 2154 212 2190 late
244 2153 444 2202 explorare
480 2154 619 2199 omnia,
652 2154 720 2191 illa
756 2155 962 2192 deditionis
999 2157 1107 2205 signa
1138 2159 1308 2194 ostentui
