1543 2449
408 133 704 172 SALLUSTJI
736 132 1044 170 JUGURTHA.
1260 132 1307 168 51

135 221 330 271 cognitum
359 225 418 257 est
447 220 553 271 (nam
580 221 613 256 is
640 221 683 256 in
710 234 755 257 ea
781 223 891 269 parte
916 217 1106 269 curabat),
1136 218 1311 255 consulto
1341 209 1345 214 ’

134 286 259 322 lenius
278 297 389 334 agere
408 297 452 320 ac
471 284 726 320 diffidentiam
752 284 808 320 rei
830 283 1035 329 simularc;
1063 282 1147 331 pati
1174 282 1312 319 Numi-

134 350 202 387 das
221 350 303 386 sine
321 349 496 385 tumultu
509 349 609 397 regis
622 348 810 397 proelium
824 348 958 384 visere.
1016 346 1081 383 Ita
1092 346 1170 382 illis
1182 346 1312 382 studio

134 426 290 449 suorum
303 413 510 457 adstrictis,
525 416 683 460 repente
695 424 835 459 magna
846 411 886 446 vi
900 423 1054 446 murum
1066 409 1289 459 aggreditur
1302 424 1311 448 :

112 482 174 525 ,et
196 478 278 526 jam
306 477 419 513 scalis
445 476 613 525 aggressi
637 476 780 512 milites
805 488 922 524 prope
948 488 1098 511 summa
1117 478 1310 523 ceperant,

134 555 221 579 cum
234 542 418 591 oppidani
432 545 679 586 concurrunt,
695 540 853 589 lapides,
867 540 1007 587 ignem,
1023 539 1100 575 alia
1113 543 1313 588 praeterea

133 606 212 642 tela
242 605 435 653 ingerunt.
493 604 631 640 Nostri
662 603 786 652 primo
818 602 1018 648 resistere,
1061 601 1211 647 deinde,
1245 601 1313 638 ubi

133 683 233 706 unae
279 673 394 718 atque
431 669 574 704 alterae
612 668 735 703 scalae
772 666 1054 711 comminutae,
1081 665 1148 714 qui
1185 677 1313 713 super—

133 738 324 771 steterant
351 733 484 769 afflicti
511 736 625 778 sunt3
663 731 791 776 ceteri,
819 743 971 779 quoquo
998 730 1111 766 modo
1138 733 1310 778 potuere,

133 799 246 847 pauci
265 797 418 845 integri,
438 809 577 844 magna
595 808 684 844 pars
711 794 878 831 confecti
896 794 1134 839 vulneribus,
1154 793 1308 829 abeunt.

134 862 312 910 Denique
332 861 527 908 utrimque
546 858 735 907 proelium
754 870 833 893 nox
852 857 1010 892 diremit

213 925 322 962 LXI.
382 923 567 960 Metellus
585 926 790 971 postquam
805 920 915 956 videt
932 919 1081 955 frustra
1100 919 1310 968 inceptum,

132 1003 257 1039 neque
285 988 469 1038 oppidum
498 986 594 1035 capi,
614 998 738 1034 neque
766 984 1016 1032 Jugurtham,
1043 983 1119 1019 nisi
1147 996 1196 1019 ex
1223 983 1312 1019 insi-

133 1053 208 1090 diis
227 1057 296 1089 aut
315 1066 383 1089 suo
411 1053 494 1088 1000
518 1064 688 1100 pugnam
711 1050 849 1094 facere,
870 1054 910 1085 et
930 1049 1011 1097 jam
1040 1052 1227 1085 aestatem
1250 1061 1310 1084 ex-

133 1121 259 1153 actam
285 1129 377 1162 esse,
398 1117 446 1152 ab
475 1116 594 1152 Zama
619 1114 793 1160 discedit,
815 1117 855 1150 et
882 1113 923 1149 in
942 1113 1002 1149 his
1021 1113 1194 1158 urbibus,
1214 1125 1312 1161 quae

133 1181 181 1216 ad
202 1193 240 1216 se
266 1180 488 1216 defecerant
514 1179 684 1227 satisque
705 1178 879 1214 munitae
907 1178 990 1213 loco
1018 1181 1088 1213 aut
1111 1177 1312 1213 moenibus

132 1248 255 1288 erant,
275 1243 467 1292 praesidia
491 1242 665 1291 imponit.
725 1241 905 1277 Ceterum
933 1240 1147 1276 exercitum
1169 1240 1211 1275 in
1230 1252 1313 1288 pro-

133 1308 312 1353 vinciam,
333 1319 430 1355 quae
449 1306 626 1355 proxima
645 1308 705 1341 est
729 1304 951 1350 Numidiae,
972 1304 1169 1341 hiemandi
1187 1305 1314 1353 gratia

133 1372 303 1408 collocat.
362 1372 500 1420 Neque
529 1371 569 1407 id
598 1375 752 1419 tempus
784 1383 833 1407 ex
862 1371 1026 1407 aliorum
1055 1383 1161 1406 more
1190 1370 1314 1419 quieti

133 1442 203 1473 aut
227 1437 404 1473 luxuriae
424 1436 610 1481 concedit,
639 1435 706 1472 sed
731 1423 913 1484 quoniam
938 1435 1055 1471 armis
1080 1435 1224 1471 bellum
1249 1448 1314 1484 pa-

133 1515 220 1538 rum
248 1502 490 1551 procedebat,
519 1501 680 1551 insidias
707 1500 789 1548 regi
816 1513 886 1548 per
917 1500 1059 1536 amicos
1087 1499 1245 1536 tendere
1274 1504 1315 1536 et

133 1579 265 1603 eorum
285 1566 446 1614 perfidia
464 1578 534 1614 pro
562 1565 679 1601 armis
704 1564 764 1600 uti
789 1568 910 1612 parat.
969 1563 1099 1612 Igitur
1126 1563 1314 1600 Bomilca-

133 1643 226 1676 rem,
247 1631 314 1679 qui
334 1630 481 1666 Romae
500 1642 587 1665 cum
606 1629 633 1665 J
637 1628 805 1677 ugurtha
823 1628 964 1673 fuerat,
980 1632 1021 1664 et
1038 1627 1129 1664 inde
1148 1627 1312 1664 vadibus

134 1695 236 1730 datis
265 1695 362 1730 clam
391 1694 438 1730 de
466 1693 662 1729 Massivae
687 1705 779 1729 nece
802 1692 994 1740 judicium
1022 1691 1188 1740 fugerat,
1209 1691 1312 1740 quod

134 1759 170 1795 ei
205 1771 275 1806 per
310 1757 520 1794 maximam
557 1756 975 1793 amicitiam-maxima
1011 1755 1122 1804 copia
1150 1755 1314 1792 fallendi

134 1826 230 1868 crat,
250 1822 384 1858 multis
403 1820 749 1870 pollicitationibus
774 1819 998 1868 aggreditur
1011 1833 1021 1866 3
1050 1831 1094 1855 ac
1116 1818 1241 1868 primo
1260 1818 1314 1855 ef-

134 1887 227 1932 ficit,
248 1886 307 1922 uti
326 1886 375 1922 ad
395 1899 434 1922 se
453 1884 694 1933 colloquendi
712 1884 839 1932 gratia
865 1883 1040 1920 occultus
1067 1882 1223 1929 veniat,
1251 1882 1313 1918 de·

134 1951 236 1996 inde,
265 1951 340 1987 fide
368 1950 471 1995 data,
502 1950 570 1986 “si
596 1949 835 1998 <Iugurtham
863 1949 998 1984 vivum
1031 1951 1101 1984 aut
1130 1951 1311 1984 necatum

134 2015 369 2059 tradidisset,
398 2013 493 2059 fore,
522 2016 568 2049 ut
596 2012 655 2049 illi
687 2016 844 2048 senatus
873 2011 1147 2060 impunitatem
1175 2014 1216 2047 et
1242 2023 1313 2047 sua

133 2079 264 2116 omnia
291 2077 549 2124 concederet,''
581 2077 695 2113 facile
723 2075 919 2112 Numidae
947 2074 1165 2124 persuadet,
1192 2086 1312 2123 quum

133 2143 288 2192 ingenio
306 2143 437 2188 infido,
458 2146 543 2178 tum
570 2140 761 2178 metuenti
782 2153 842 2185 ne,
864 2140 897 2176 si
915 2152 993 2188 pax
1016 2152 1103 2176 cum
1123 2139 1313 2175 Romanis

133 2209 254 2254 fieret,
275 2208 356 2257 ipse
374 2220 443 2257 per
462 2207 704 2244 condiciones
723 2206 769 2242 ad
792 2205 1024 2254 supplicium
1043 2204 1272 2241 traderetur.
1306 2214 1309 2218 ’

1104 2267 1205 2304 4-2
