1543 2449
228 125 277 161 31„
501 124 633 161 SALL
644 123 795 161 USTIJ
827 123 1134 161 JUGURTHA.

227 210 268 245 in
287 209 475 258 colloquio
494 210 612 245 verba
630 209 741 246 facit:
773 210 958 246 “tametsi
976 210 1102 258 ipsum
1122 223 1208 246 cum
1228 210 1402 247 exercitu

227 272 341 318 fame,
368 272 545 320 ferroque
571 272 743 308 clausum
769 276 887 318 tenet,
914 277 1045 309 tamen
1070 286 1120 319 se,
1146 274 1402 310 humanarum

228 349 357 373 rerum
385 348 603 381 memorem,
631 336 663 371 si
691 349 820 372 secum
848 336 984 373 foedus
1011 337 1167 384 faceret,
1193 339 1404 375 incolumes

228 415 360 438 omnes
392 402 463 437 sub
494 401 632 449 jugum
664 401 893 438 missurum:
931 406 1140 451 praeterea,
1173 403 1233 439 uti
1269 403 1404 439 diebus

229 466 359 503 decem
384 465 573 501 Numidia
597 465 831 501 decederet.''
887 466 994 510 Quae
1016 479 1247 515 quamquam
1272 467 1406 516 gravia

229 536 269 567 et
287 530 425 579 flagitii
449 531 564 578 plena
583 534 705 575 erant,
726 535 868 576 tamen,
889 531 980 579 quia
1002 531 1137 567 mortis
1155 535 1262 567 metu
1284 535 1406 567 muta-

228 596 335 640 bant,
356 595 471 631 sicuti
489 594 570 642 regi
589 594 767 639 libuerat,
788 606 866 642 pax
885 593 1074 629 convenit.

308 658 513 695 XXXIX.
573 657 648 694 Sed
667 658 734 694 ubi
754 671 798 694 ea
824 658 971 694 Romae
991 662 1185 707 comperta
1210 661 1312 704 sunt,
1332 671 1407 694 me-

230 728 293 759 tus
318 726 434 770 atque
459 734 609 757 moeror
633 722 831 758 civitatem
856 722 1053 758 invasere:
1082 735 1171 770 pars
1191 722 1318 758 dolere
1337 734 1407 770 pro

229 786 351 834 gloria
369 784 544 833 imperii,
570 797 670 833 pars,
690 784 847 820 insolita
866 797 995 821 rerum
1013 785 1250 829 bellicarum,
1270 784 1406 820 timere

230 850 424 887 libertati:
463 850 569 885 Aulo
599 862 730 885 omnes
762 849 907 894 infesti,
937 862 980 885 ac
1013 849 1180 885 maxime
1208 848 1275 897 qui
1306 849 1408 885 bello

230 928 342 963 saepe
374 914 561 963 praeclari
593 914 760 959 fuerant,
792 914 894 962 quod
925 918 1097 950 armatus
1129 913 1313 950 dedecore
1344 927 1409 963 po-

231 977 309 1014 tius
334 990 449 1026 quam
478 990 595 1012 manu
621 977 784 1012 salutem
810 977 1060 1025 quaesiverat.
1121 976 1181 1012 Ob
1206 989 1250 1012 ea
1276 977 1409 1012 consul

231 1043 402 1079 Albinus
434 1055 482 1078 ex
514 1042 655 1078 delicto
686 1042 820 1078 fratris
852 1042 1039 1078 invidiam
1070 1054 1113 1077 ac
1142 1041 1280 1077 deinde
1312 1042 1409 1090 peri-

232 1107 361 1143 culum
399 1106 552 1151 timens,
590 1110 766 1141 senatum
804 1105 851 1141 de
888 1105 1042 1141 foedere
1079 1105 1327 1151 consulebat,
1370 1108 1410 1141 et

232 1175 362 1207 tamen
399 1170 555 1205 interim
587 1169 760 1205 exercitu
793 1169 1103 1217 supplementum
1136 1169 1324 1215 scribere3
1361 1169 1410 1219 ab

232 1234 344 1271 sociis
381 1238 420 1269 et
454 1233 609 1269 nomine
642 1233 783 1268 Latino
815 1232 962 1268 auxilia
994 1245 1182 1268 arcessere
1198 1246 1208 1279 3
1244 1232 1409 1281 denique

232 1298 355 1334 modis
375 1298 552 1333 omnibus
571 1297 764 1333 festinare.
825 1297 990 1333 Senatus
1009 1297 1076 1342 ita,
1097 1297 1156 1332 uti
1181 1310 1251 1345 par
1269 1297 1408 1342 fuerat,

233 1363 416 1407 decernit,
448 1375 517 1398 suo
549 1366 664 1410 atque
701 1361 834 1410 populi
871 1361 1021 1409 injussu
1053 1361 1204 1396 nullum
1241 1361 1411 1410 potuisse

233 1427 369 1463 foedus
396 1426 489 1462 fieri.
548 1425 692 1462 Consul
719 1424 929 1473 impeditus
957 1438 979 1460 a
1007 1425 1175 1460 tribunis
1202 1424 1336 1473 plebis,
1363 1438 1411 1460 ne

233 1503 328 1539 quas
360 1493 565 1538 paraverat
593 1489 720 1537 copias
748 1501 875 1524 secum
903 1492 1087 1537 portaret,
1116 1489 1250 1537 paucis
1277 1488 1412 1525 diebus

234 1555 275 1590 in
307 1554 484 1590 Africam
521 1553 800 1601 proficiscitur;
837 1565 926 1587 nam
964 1552 1088 1588 omnis
1118 1552 1322 1597 exercitus,
1353 1552 1412 1588 uti

235 1622 478 1663 convenerat,
499 1617 688 1653 Numidia
707 1616 907 1662 deductus,
928 1616 968 1652 in
987 1616 1187 1664 provincia
1205 1616 1409 1653 hiemabat.

235 1683 445 1730 Postquam
478 1694 522 1717 eo
550 1681 670 1725 venit,
700 1693 932 1729 quamquam
965 1680 1143 1729 persequi
1175 1680 1203 1716 J
1206 1680 1412 1729 ugurtham

235 1750 275 1783 et
298 1746 443 1782 mederi
461 1745 656 1781 fraternae
681 1744 850 1780 invidiae
876 1744 1028 1780 animus
1053 1744 1225 1789 ardebat,
1250 1744 1413 1793 cognitis

236 1809 435 1854 militibus,
460 1821 554 1857 quos
579 1812 732 1857 praeter
756 1807 888 1856 fugam
917 1808 1043 1844 soluto
1069 1808 1230 1856 imperio
1255 1808 1414 1844 licentia

236 1878 351 1921 atque
377 1872 535 1908 lascivia
561 1875 795 1920 corruperat,
816 1884 866 1907 ex
890 1872 1000 1920 copia
1024 1884 1153 1908 rerum
1176 1871 1316 1908 statuit
1340 1872 1414 1908 sibi

237 1936 333 1971 1111111
353 1935 588 1983 agitandum.

315 2000 400 2037 XL.
460 2000 618 2036 Interea
643 2000 791 2037 Romae
817 1999 857 2037 C.
880 1999 1081 2036 Mamilius
1100 1998 1326 2035 Limetanus
1349 1998 1414 2034 tri-

237 2065 364 2100 bunus
388 2064 511 2113 plebis
536 2065 774 2113 rogationem
799 2064 848 2100 ad
873 2063 1058 2112 populum
1081 2062 1300 2111 promulgat
1320 2064 1341 2081 “
1356 2061 1415 2096 uti

237 2131 486 2176 quaereretur
513 2128 554 2163 in
582 2140 657 2173 eos,
687 2140 849 2176 quorum
879 2126 1037 2163 consilio
1064 2126 1091 2162 J
1096 2125 1263 2174 ugurtha
1290 2125 1415 2161 senati

237 2191 391 2228 decreta
409 2192 639 2240 neglegisset
651 2205 661 2237 3
690 2191 831 2240 quique
854 2192 903 2227 ab
926 2203 969 2227 eo
992 2190 1033 2226 in
1058 2189 1326 2238 legationibus,
1347 2193 1416 2226 aut
