1502 2449
158 130 207 167 20
439 127 575 166 SALL
585 127 738 166 USTII
772 126 1055 165 CATILINA.

154 228 348 265 calumnia
389 241 612 277 paucorum,
661 227 802 275 quibus
847 226 977 262 omnia
1017 225 1178 261 honesta
1223 228 1340 273 atque

153 292 359 329 inhonesta
378 292 544 327 vendere
563 303 645 327 mos
673 295 766 327 erat.
826 290 901 326 Sed
930 294 1126 339 praetores
1155 289 1198 334 Q.
1230 289 1341 326 Pom-

153 356 263 404 peius
290 356 422 392 Rufus
451 355 636 403 Capuam,
667 354 711 398 Q.
753 354 940 391 Metellus
978 354 1090 391 Celer
1125 353 1167 389 in
1204 366 1341 403 agrum

153 420 365 467 Pieenum3
393 419 529 468 hisque
548 418 791 467 permissum,
815 417 910 453 “uti
928 431 998 467 pro
1023 422 1196 466 tempore
1224 421 1340 465 atque

152 484 323 533 periculo
342 483 558 520 exercitum
588 482 890 531 compararent.”
948 481 1015 518 Ad
1043 481 1124 527 hoc,
1159 481 1226 517 “si
1254 481 1341 529 quis

152 547 401 584 indicavisset
420 546 467 582 de
487 546 765 594 conjuratione,
788 559 885 595 quae
905 550 1040 582 contra
1052 559 1133 582 rem
1147 545 1341 595 publicam

151 612 254 647 sacta
286 614 381 653 erat,
418 610 634 659 praemium
672 622 783 646 servo
821 609 1043 646 libertatem
1080 613 1120 646 et
1165 609 1342 646 sestertia

153 679 308 712 centum
323 687 333 721 3
378 674 501 710 libero
537 673 815 723 impunitatem
854 673 937 722 ejus
974 673 1040 719 rei,
1080 678 1120 710 et
1164 674 1343 710 sestertia

407 737 579 787 itemque
618 738 834 784 decrevere,
875 741 896 757 “
911 738 971 774 uti
1008 738 1260 787 gladiatoriae
1288 737 1342 774 fa-

152 803 281 839 miliae
311 803 483 852 Capuam
512 807 551 840 et
576 803 619 840 in
638 807 764 840 cetera
782 803 996 852 municipia
1015 802 1343 838 distribuerentur

152 881 221 916 pro
241 867 427 916 cujusque
447 867 584 916 opibus
594 881 604 915 3
635 868 784 904 Romae
803 880 872 916 per
891 871 1014 903 totam
1034 867 1170 903 urbem
1185 866 1343 915 vigiliae

152 932 401 977 haberentur,
421 931 546 981 iisque
565 933 733 969 minores
752 932 1003 981 magistratus
1022 931 1276 981 praeessent.''

152 740 319 775 ducenta
331 737 369 785 ;’'

233 995 400 1032 XXXI.
459 995 610 1039 Quibus
629 997 744 1033 rebus
763 1000 938 1046 permota
957 996 1104 1043 civitas,
1133 999 1249 1044 atque
1275 994 1344 1031 im-

96 1058 102 1078 ”
153 1063 306 1096 mutata
333 1059 441 1095 urbis
469 1060 586 1096 facies
620 1064 726 1108 erat3
765 1073 814 1097 ex
848 1073 1001 1098 summa
1037 1059 1189 1096 laetitia
1225 1062 1344 1108 atque

153 1123 322 1170 lascivia,
345 1136 444 1172 quae
464 1124 651 1161 diuturna
672 1124 780 1174 quies
800 1128 1012 1174 pepererat,
1033 1127 1193 1173 repente
1211 1135 1343 1159 omnes

155 1187 317 1224 tristitia
335 1187 505 1235 invasit3
533 1188 728 1235 festinare,
755 1189 976 1238 trepidare;
1005 1201 1130 1237 neque
1153 1188 1246 1234 loco,
1273 1200 1357 1224 neo*

153 1251 303 1288 homini
331 1251 512 1300 cuiquam
540 1252 634 1289 satis
662 1253 815 1289 credere
828 1267 839 1300 3
875 1265 1001 1302 neque
1029 1252 1175 1289 bellum
1211 1265 1344 1301 gerere

153 1329 278 1365 neque
297 1329 428 1365 pacem
454 1316 596 1353 habere
604 1330 615 1363 ,-
644 1330 714 1354 suo
739 1317 903 1366 quisque
931 1321 1037 1353 metu
1066 1317 1237 1365 pericula
1265 1330 1342 1353 me-

153 1380 232 1419 tiri.
289 1381 356 1417 Ad
384 1380 456 1417 hoc
484 1381 677 1427 mulieres,
706 1381 848 1430 quibus
876 1380 1115 1430 reipublicae
1152 1381 1344 1429 magnitu-

155 1444 246 1481 dine
282 1444 377 1480 belli
413 1445 532 1481 timor
563 1444 747 1482 insolitus
775 1445 994 1492 incesserat,
1025 1445 1209 1482 afflictare
1237 1458 1318 1482 sese
1331 1459 1343 1493 5

153 1521 292 1545 manus
320 1509 512 1558 supplices
540 1510 589 1546 ad
616 1509 765 1546 caelum
794 1509 952 1546 tendere
960 1522 970 1556 5
1003 1509 1179 1545 miserari
1204 1522 1344 1558 parvos

153 1572 295 1610 liberos
308 1586 319 1620 3
365 1573 535 1622 rogitare
550 1587 560 1621 3
608 1573 739 1610 omnia
784 1586 925 1622 pavere
940 1587 950 1620 3
999 1573 1180 1622 superbia
1227 1577 1344 1622 atque

153 1637 303 1674 deliciis
322 1638 484 1685 omissis,
501 1638 576 1674 sibi
595 1638 820 1688 patriaeque
840 1637 1022 1675 diffidere.
1071 1638 1131 1673 At
1151 1637 1345 1674 Catilinae

154 1701 320 1738 crudelis
338 1702 492 1738 animus
512 1702 646 1739 eadem
665 1703 734 1739 illa
757 1703 948 1749 movebat,
972 1701 1131 1738 tametsi
1152 1701 1344 1751 praesidia

153 1766 403 1814 parabantur,
427 1770 466 1803 et
485 1766 567 1815 ipse
596 1766 679 1816 lege
707 1766 865 1803 Plautia
892 1766 1156 1814 interrogatus
1184 1770 1268 1802 erat
1295 1766 1344 1802 ab

153 1829 197 1868 L.
230 1829 380 1868 Paullo.
438 1830 640 1867 Postremo
668 1830 941 1867 dissimulandi
971 1842 1105 1866 caussa
1134 1833 1173 1867 et
1200 1834 1246 1866 ut
1282 1830 1345 1867 sui

153 1894 408 1942 expurgandi,
435 1895 550 1931 sicuti
573 1894 705 1944 jurgio
727 1895 927 1931 lacessitus
952 1895 1063 1940 foret,
1094 1894 1135 1931 in
1163 1898 1344 1931 senatum

153 1957 272 1995 venit.
331 1957 431 1994 Tum
451 1959 508 1997 M.
530 1958 682 1995 Tullius
702 1959 846 2004 consul,
868 1959 950 1995 sive
975 1958 1233 2008 praesentiam
1260 1958 1344 2007 ejus

152 2021 306 2066 timens,
333 2035 401 2058 seu
427 2022 485 2059 ira
510 2028 733 2071 commotus,
763 2024 979 2060 orationem
1006 2023 1146 2059 habuit
1173 2022 1345 2059 luculen-

152 2089 233 2121 tam
264 2089 380 2134 atque
408 2087 547 2123 utilem
574 2087 821 2137 reipublicae,
853 2100 967 2136 quam
999 2090 1131 2136 postea
1159 2086 1343 2135 scriptam

153 2149 284 2187 edidit.
342 2149 418 2186 Sed
437 2150 506 2186 ubi
525 2151 590 2187 ille
609 2151 764 2198 assedit,
790 2151 971 2197 Catilina,
1000 2154 1045 2187 ut
1074 2153 1158 2186 erat
1183 2154 1343 2199 paratus

151 2212 201 2249 ad
228 2212 506 2251 dissimulanda
534 2215 674 2263 onmia,
706 2215 872 2253 demisso
900 2215 1027 2264 vultu,
1057 2227 1150 2252 voce
1177 2215 1343 2265 supplici
