1502 2449
109 94 159 130 44
394 92 530 131 SALL
540 92 577 130 U
575 92 695 130 STII
728 91 1002 132 CATILINA..

110 196 227 232 quam
247 182 448 220 Antonius
467 197 554 220 cum
574 184 748 220 exercitu
767 184 1016 231 adventabat,
1039 186 1210 223 Catilina
1227 200 1297 236 per

111 251 262 285 montes
288 248 364 284 iter
383 249 517 294 facere,
546 248 659 284 modo
685 248 735 284 ad
760 249 906 295 urbem,
927 250 1041 286 modo
1065 250 1107 286 in
1128 251 1295 288 Galliam

111 325 244 349 versus
270 318 397 349 castra
422 325 602 360 moverej,
630 312 808 349 hostibus
833 314 1072 351 occasionem
1097 315 1296 364 pugnandi

111 390 190 414 non
218 377 332 424 dare,
370 377 548 426 sperabat
575 390 694 426 prope
727 377 831 414 diem
863 391 1022 427 magnas
1055 379 1183 428 copias
1215 391 1297 416 sese

113 442 350 486 habiturum,
373 441 405 477 si
432 440 580 477 Romae
607 441 699 477 socii
724 441 879 489 incepta
904 443 1174 490 patravissent.
1234 443 1298 480 In-

112 510 219 542 terea
238 504 397 541 servitia
417 504 660 553 repudiabat,
681 505 790 554 cujus
809 505 924 542 initio
948 506 997 543 ad
1024 521 1112 544 eum
1137 520 1298 556 magnae

113 569 243 618 copiae
259 569 550 616 concurrebant,
570 569 709 617 opibus
724 570 1003 618 conjurationis
1018 571 1160 618 fretus3
1183 572 1299 609 simul

113 633 283 669 alienum
316 633 395 668 suis
432 632 650 669 rationibus
688 634 926 680 existimans,
965 635 1091 671 videri
1128 649 1300 673 caussam

113 697 256 734 civium
277 709 363 733 cum
383 697 505 733 servis
523 696 702 746 fugitivis
721 699 1071 738 communicavisse.

193 762 327 799 LVII.
386 762 462 798 Sed
486 767 689 812 postquam
714 763 757 799 in
783 768 909 800 castra
933 765 1100 801 nuncius
1124 764 1302 813 pervenit

113 827 262 863 Romae
275 826 580 875 conjurationem
595 827 843 876 patefactam,
858 828 906 865 de
921 828 1101 875 Lentulo,
1118 829 1301 878 Cethego,

113 891 260 937 ceteris,
292 903 387 940 quos
419 903 536 940 supra
568 892 792 938 memoravi,
823 893 1056 941 supplicium
1090 896 1300 942 sumptum,

114 954 297 1004 plerique,
319 967 415 1003 quos
434 954 483 991 ad
503 955 648 991 bellum
668 968 753 1005 spes
772 957 997 1005 rapinarum
1017 962 1086 994 aut
1110 970 1301 994 novarum

114 1031 244 1056 rerum
264 1019 437 1055 studium
457 1019 646 1065 illexerat,
668 1020 896 1057 dilabuntur
908 1036 919 1069 3
948 1022 1115 1070 reliquos
1135 1021 1305 1058 Catilina

116 1096 184 1132 per
203 1087 354 1120 montes
373 1096 527 1132 asperos
546 1085 697 1133 magnis
720 1085 926 1122 itineribus
952 1086 994 1122 in
1017 1100 1152 1135 agrum
1179 1086 1303 1123 Pisto-

115 1149 280 1185 riensem
306 1148 475 1194 abducit,
502 1162 546 1186 eo
569 1150 740 1197 consilio,
768 1151 830 1187 uti
855 1164 924 1200 per
950 1152 1128 1189 tramites
1156 1152 1305 1189 occulte
1348 1171 1351 1175 ·

116 1213 341 1262 perfugeret
374 1213 417 1249 in
449 1213 628 1251 Galliam.
686 1215 745 1251 At
779 1215 822 1260 Q.
858 1215 1045 1252 Metellus
1076 1217 1186 1253 Celer
1218 1230 1306 1253 cum

117 1279 243 1314 tribus
267 1278 484 1327 legionibus
509 1278 551 1314 in
573 1292 666 1328 agro
690 1279 834 1316 Piceno
859 1280 1113 1328 praesidebat,
1140 1293 1189 1317 ex
1212 1281 1306 1317 diffi-

117 1344 261 1380 cultate
281 1357 409 1380 rerum
429 1343 561 1381 eadem
588 1344 656 1381 illa
682 1344 924 1391 existimans,
945 1358 1044 1394 quae
1070 1359 1186 1395 supra
1210 1346 1307 1383 dixi-

118 1420 215 1452 mus,
245 1407 455 1444 Catilinam
480 1409 637 1457 agitare.
696 1408 827 1457 Igitur
849 1410 916 1445 ubi
942 1410 1017 1446 iter
1043 1410 1123 1458 ejus
1150 1424 1199 1446 ex
1226 1423 1307 1460 per-

118 1471 221 1520 fugis
258 1472 450 1521 cognovit,
489 1476 615 1509 castra
651 1485 812 1522 propere
849 1473 983 1518 movit,
1022 1486 1065 1509 ac
1102 1474 1174 1509 sub
1216 1475 1309 1523 ipsis

118 1537 314 1573 radicibus
333 1537 525 1573 montium
545 1538 727 1583 consedit,
748 1551 823 1586 qua
849 1538 907 1574 illi
932 1538 1135 1574 descensus
1160 1543 1244 1575 erat
1268 1539 1310 1575 in

140 1600 288 1636 {alliam
318 1601 551 1650 properanti.
620 1601 760 1650 Neque
788 1606 919 1638 tamen
947 1602 1149 1639 Antonius
1177 1603 1307 1651 procul

119 1665 253 1701 aberat
268 1678 278 1711 3
311 1669 447 1714 utpote
474 1667 541 1714 qui
569 1679 708 1715 magno
735 1666 919 1713 exercitu,
947 1666 1040 1702 locis
1064 1666 1312 1716 aequioribus

120 1729 336 1777 expeditus,
356 1729 398 1764 in
418 1728 511 1777 fuga
530 1733 765 1778 sequeretur.
816 1729 890 1766 Sed
907 1729 1089 1776 Catilina,
1108 1734 1312 1780 postquam

121 1793 228 1829 videt
251 1793 449 1829 montibus
475 1797 593 1842 atque
619 1793 739 1842 copiis
763 1793 933 1829 hostium
959 1806 1040 1830 sese
1065 1793 1249 1840 clausum,
1270 1794 1313 1830 in

120 1857 216 1893 urbe
242 1870 302 1893 res
327 1857 518 1902 adversas,
540 1870 665 1906 neque
691 1857 806 1906 fugae
832 1870 957 1906 neque
985 1857 1167 1906 praesidii
1191 1858 1312 1894 ullam

122 1932 240 1968 spem,
263 1920 454 1968 optimum
473 1921 621 1957 factum
640 1924 749 1957 ratus
768 1920 810 1956 in
836 1921 907 1957 tali
933 1934 974 1957 re
999 1921 1196 1957 fortunam
1221 1921 1314 1958 belli

122 1986 284 2028 tentare,
307 1983 448 2019 statuit
471 1996 558 2020 cum
577 1983 756 2020 Antonio
782 1984 1070 2033 quamprimum
1097 1984 1311 2033 confligere.

123 2047 264 2096 Itaque
311 2048 492 2084 concione
537 2049 735 2098 advocata,
785 2049 1052 2099 hujuscemodi
1101 2049 1314 2086 orationem

123 2113 284 2149 habuit:

203 2177 362 2215 LVIII.
423 2178 713 2229 “Compertum
741 2193 810 2230 ego
846 2181 979 2229 habeo,
1012 2181 1168 2229 milites,
1198 2181 1317 2218 verba
