1502 2449
108 96 131 132 S
389 94 525 132 SALL
537 93 691 131 USTII
723 91 1005 131 CATILINA.

107 208 257 245 semper
288 195 454 241 infinita,
494 193 729 231 insatiabilis
762 196 830 240 est,
865 206 990 242 neque
1023 194 1132 243 copia
1167 207 1293 244 neque

107 260 237 309 inopia
282 259 482 295 minuitur.
543 258 618 295 Sed
664 262 871 307 postquam
917 259 960 296 L.
1009 259 1127 306 Sulla,
1173 261 1292 297 armis

106 329 258 373 recepta
295 323 502 372 republica,
547 335 596 358 ex
640 323 751 359 bonis
794 323 920 360 initiis
963 325 1084 361 malos
1129 330 1292 362 eventus

106 390 254 435 habuit,
290 402 424 438 rapere
463 401 606 433 omneS‚
643 388 808 434 trahere,
849 389 1005 425 domum
1043 390 1152 436 alius,
1192 390 1293 426 alius

106 468 217 504 agros
237 467 385 503 cupere,
408 466 531 502 neque
552 453 710 489 modum
729 466 855 502 neque
874 455 1101 491 modestiam
1126 455 1293 491 victores

106 521 258 567 habere,
289 519 401 556 foeda
429 518 675 567 crudeliaque
704 518 746 554 in
774 518 925 554 civibus
953 518 1126 555 facinora
1153 518 1289 555 facere..

107 585 200 621 Huc
232 583 446 628 accedebat,
483 582 584 631 quod
619 582 662 620 L.
700 582 809 618 Sulla
842 582 1067 629 exercitum,
1104 596 1219 631 quem
1251 583 1293 618 in

106 650 205 686 Asia
225 650 465 694 ductaverat,
487 660 563 696 quo
583 647 657 684 sibi
677 647 797 683 fidum
818 647 982 692 faceret,
996 650 1130 683 contra
1149 658 1297 683 morem

106 715 294 762 majorum
340 712 540 749 luxuriose
583 712 778 760 nimisque
821 711 1034 747 liberaliter
1075 711 1265 747 habuerat
1282 725 1292 757 ς

105 779 188 815 loca
207 790 377 823 amoena,
407 777 628 825 voluptaria
653 776 768 813 facile
793 778 834 813 in
861 777 941 813 otio
960 777 1104 813 feroces
1123 776 1295 812 militum

106 844 255 880 animos
285 841 543 894 molliverant.
569 833 573 838 ³
602 841 667 877 Ibi
699 842 867 890 primum
897 841 1071 878 insuevit
1103 841 1296 877 exercitus

105 906 239 956 populi
267 906 437 942 Romani
465 918 606 952 amare,
635 910 771 955 potare
785 920 795 953 3
827 907 948 955 signa,
978 907 1131 943 tabulas
1159 906 1292 956 pictas,

106 985 199 1009 vasa
227 971 372 1008 caelata
401 970 534 1007 mirari
547 986 557 1019 3
585 983 630 1007 ea
662 972 849 1020 privatim
877 985 921 1008 ac
951 972 1102 1021 publice
1135 985 1268 1020 rapere
1283 985 1294 1018 3

107 1038 268 1074 delubra
305 1036 468 1085 spoliare
484 1048 494 1082 3
529 1049 635 1072 sacra
673 1036 915 1086 profanaque
949 1037 1079 1073 omnia
1110 1037 1292 1086 polluere.

107 1103 236 1152 Igitur
273 1102 315 1138 hi
352 1101 507 1148 milites,
543 1106 747 1151 postquam
784 1102 989 1139 victoriam
1026 1103 1157 1151 adepti
1189 1106 1293 1148 sunt,

106 1167 205 1204 nihil
231 1166 371 1215 reliqui
390 1166 505 1203 victis
531 1166 662 1213 fecere.
723 1167 875 1217 Quippe
895 1169 1084 1204 secundae
1109 1181 1170 1204 res
1193 1169 1294 1217 sapi·
1346 1165 1350 1169 ’

108 1233 258 1269 entium
292 1232 440 1268 animos
473 1231 645 1280 fatigant
661 1244 671 1278 3
711 1245 761 1269 ne
805 1233 865 1268 illi
898 1233 1090 1282 corruptis
1123 1233 1297 1269 moribus

107 1299 292 1335 victoriae
313 1301 585 1346 temperarent.

187 1363 287 1400 XII.
346 1362 560 1411 Postquam
593 1362 756 1399 divitiae
785 1362 922 1399 honori
950 1375 1227 1411 esse-coepere,
1258 1366 1298 1398 et

108 1442 171 1466 eas
199 1428 331 1478 gloria,
362 1427 580 1476 imperium,
611 1427 788 1476 potentia
816 1428 1059 1476 sequebatur,
1093 1427 1297 1463 hebescere

108 1495 246 1539 virtus,
274 1497 481 1542 paupertas
509 1493 649 1542 probro
679 1493 825 1539 haberi,
853 1492 1075 1529 innocentia
1094 1505 1164 1542 pro
1183 1492 1308 1544 male-¹

109 1559 280 1596 volentia
313 1558 402 1613 duci
435 1559 567 1607 coepit.
628 1558 759 1607 Igitur
793 1572 841 1595 ex
870 1558 1020 1594 divitiis
1045 1559 1298 1614 juventutem

108 1624 267 1661 luxuria
285 1628 401 1673 atque
421 1624 586 1660 avaritia
606 1637 693 1660 cum
714 1624 894 1673 superbia
919 1624 1097 1660 invasere
1111 1638 1121 1671 3
1150 1615 1297 1672 rapere,

110 1703 354 1736 consumere3
384 1703 451 1726 sua
484 1689 596 1738 parvi
624 1690 800 1738 pendere,
832 1689 960 1725 aliena
993 1701 1154 1737 cupere3
1184 1688 1300 1736 pudo-

110 1769 203 1800 rem,
242 1755 480 1803 pudicitiam,
521 1754 654 1790 divina
691 1758 809 1803 atque
850 1753 1023 1789 humana
1069 1752 1297 1802 promiscua,

110 1820 209 1856 nihil
235 1821 343 1868 pensi
369 1832 495 1868 neque
521 1819 713 1856 moderati
741 1819 892 1857 habere.
953 1819 1102 1868 Operae
1130 1812 1301 1867 pretium

112 1888 181 1930 est,
218 1896 338 1932 quum
368 1883 500 1919 domos
528 1887 645 1932 atque
674 1883 789 1918 villas
823 1882 1047 1931 cognoveris
1075 1882 1117 1918 in
1144 1882 1300 1918 urbium

111 1948 269 1984 modum
307 1947 587 1994 exaedificatas,
630 1948 755 1984 visere
798 1947 945 1996 templa
991 1947 1161 1993 deorum,
1203 1959 1302 1995 quae

111 2013 236 2050 nostri
255 2013 428 2062 majores,
451 2013 730 2062 religiosissimi
750 2013 942 2058 mortales,
965 2012 1098 2048 fecere.
1150 2011 1301 2047 Verum

112 2078 172 2114 illi
191 2078 352 2114 delubra
374 2078 533 2114 deorum
559 2079 715 2127 pietate,
746 2078 878 2115 domos
903 2090 992 2130 suas
1010 2077 1134 2126 gloria
1153 2076 1303 2133 decora-

113 2144 209 2180 bant
223 2156 233 2190 3
271 2156 396 2192 neque
425 2143 539 2179 victis
568 2144 781 2192 quidquam
809 2146 963 2192 praeter
990 2141 1158 2190 injuriae
1185 2140 1301 2178 licen-

114 2210 209 2246 tiam
230 2209 453 2258 eripiebant.
513 2209 572 2245 At
598 2209 640 2246 hi
669 2213 814 2255 contra,
843 2208 1085 2258 ignavissimi
1114 2207 1302 2252 homines,
