1502 2449
418 116 554 155 SALL
564 115 627 154 US
630 116 689 152 TI
688 116 717 152 I
752 114 813 153 0⁴4
820 113 1020 152 TILINA.
1260 113 1313 156 15

114 216 233 261 'lmala
251 214 404 252 abunde
423 213 552 251 omnia
578 217 699 257 erant,
724 214 790 250 sed
814 226 940 262 neque
970 226 1039 259 reS,
1072 219 1196 262 neque
1226 224 1313 264 spes

132 282 233 318 bona
259 280 350 326 ulla,
382 279 538 315 tametsi
566 279 644 315 illis
670 279 803 328 quieta
830 291 985 315 movere
1010 291 1150 327 magna
1168 291 1313 316 merces

131 345 346 390 videbatur,
376 348 508 380 tamen
536 344 732 393 postulare
769 344 954 393 plerique,
992 343 1049 380 uti
1082 332 1313 392 proponeret

131 422 230 459 quae
249 398 421 446 condicio
436 409 528 445 belli
543 409 643 445 foret
652 423 665 456 3-
688 422 784 457 quae
800 408 970 458 praemia
984 408 1101 444 armis
1117 412 1293 457 peterent
1301 423 1311 456 5

126 475 226 524 ‘quid
263 474 405 522 ubique
437 473 521 522 opis
554 478 622 509 aut
651 474 731 522 spei
760 473 957 513 haberent.
1015 473 1114 509 Tum
1144 472 1314 509 Catilina

132 539 304 588 polliceri
332 538 650 588 tast.„mvas,
691 538 1010 587 proscriptionem
1050 538 1310 586 locupletium,

82 619 95 629 <
132 605 391 653 magistratUS,
433 603 655 650 sacerdotia,
705 603 870 652 rapinas,
918 603 995 638 alia
1041 602 1170 638 omnia
1215 614 1313 651 quae

132 670 277 706 bellum
297 673 414 717 atque
434 669 566 705 lubido
585 669 776 706 victorum
796 670 882 705 fert.
940 668 1149 705 Praeterea
1174 681 1252 705 esse
1271 668 1314 704 in

133 735 328 784 Hispania
347 735 523 771 citeriore
546 734 738 780 Pisonem,
759 734 801 770 in
821 733 1068 770 Mauretania
1092 746 1178 769 cum
1205 746 1311 770 exer-

133 800 214 836 citu
242 799 284 836 P.
317 799 478 835 Sittium
506 799 759 844 Nucerinum,
800 799 950 835 consilii
986 799 1045 835 sui
1082 799 1314 848 participes,

134 868 265 913 petere
293 864 536 900 consulatum
561 863 602 899 O.
630 863 862 908 Antonium,
891 876 1004 911 quem
1032 863 1104 899 sibi
1129 863 1312 912 collegam

134 929 215 965 fore
252 932 432 977 speraret,
473 928 667 964 hominem
705 931 745 963 et
781 927 1025 972 familiarem,
1064 931 1103 963 et
1135 928 1313 964 omnibus

133 993 484 1030 necessitudinibus
503 993 833 1029 circumventum:
863 1005 950 1028 cum
978 1005 1022 1028 eo
1051 1005 1089 1028 se
1118 993 1313 1029 consulem

133 1058 292 1094 initium
324 1058 464 1106 agendi
494 1059 696 1094 facturum.
755 1058 822 1094 Ad
855 1057 926 1094 hoc
954 1057 1168 1093 maledictis
1195 1057 1314 1094 incre-

133 1128 202 1172 pat
229 1136 361 1160 omnes
389 1124 508 1159 bonos
522 1137 532 1171 3
569 1133 727 1159 suorum
759 1135 1073 1171 unumquemque
1111 1123 1315 1159 nominans

133 1188 288 1225 laudare
306 1202 313 1225 :
343 1188 574 1224 admonebat
593 1188 714 1224 alium
735 1189 926 1237 egestatis,
949 1187 1070 1223 alium
1089 1188 1315 1236 cupiditatis

132 1266 234 1299 suae,
260 1253 473 1302 complures
500 1253 663 1302 periculi
691 1257 760 1289 aut
788 1253 1034 1302 ignominiae,
1065 1253 1208 1290 multos
1236 1255 1313 1290 vic-

134 1318 254 1354 toriae
274 1317 464 1364 Sullanae,
487 1318 626 1366 quibus
650 1331 693 1354 ea
715 1318 879 1367 praedae
902 1318 1039 1354 fuerat.
1098 1317 1314 1366 Postquam

132 1384 307 1418 omnium
325 1383 472 1419 animos
491 1383 633 1419 alacres
653 1383 771 1428 videt,
793 1382 1017 1419 cohortatus
1030 1386 1074 1418 ut
1086 1382 1313 1430 petitionem

133 1461 240 1484 suam
262 1461 373 1484 curae
392 1448 589 1494 haberent,
612 1452 847 1484 conventum
867 1447 1024 1483 dimisit.

213 1513 357 1550 XXII.
415 1513 539 1549 Fuere
560 1526 603 1550 ea
622 1517 853 1562 tempestate
876 1512 945 1561 qui
970 1512 1152 1557 dicerent,
1182 1511 1315 1549 Catili-

134 1591 235 1623 nam,
256 1578 430 1614 oratione
455 1578 597 1624 habita,
625 1591 713 1615 cum
738 1578 787 1614 ad
808 1577 1085 1627 jusjurandum
1112 1576 1315 1625 populares

134 1642 286 1679 sceleris
301 1643 361 1679 sui
380 1643 560 1692 adigeret,
583 1643 745 1680 humani
764 1643 933 1692 corporis
957 1642 1194 1691 sanguinem,
1223 1641 1315 1677 vino

134 1708 380 1757 permixtum,
402 1709 444 1744 in
463 1709 608 1757 pateris
627 1708 934 1755 circumtulisse,
964 1707 1054 1743 inde
1080 1719 1199 1756 quum
1228 1711 1316 1755 post

134 1774 437 1810 exsecrationem
457 1787 588 1811 omnes
607 1774 929 1824 degustavissent,
951 1773 1051 1809 sicut
1074 1773 1114 1808 in
1140 1772 1316 1809 solemni-

134 1838 207 1874 bus
235 1839 350 1875 sacris
379 1839 463 1875 fieri
490 1839 700 1886 consuevit,
731 1840 926 1888 apernisse
955 1838 1156 1874 consilium
1188 1850 1312 1882 suum,

134 1908 252 1952 atque
288 1916 332 1940 eo
369 1903 547 1941 dictitare
584 1904 727 1950 fecisse,
767 1917 843 1953 quo
879 1904 983 1939 inter
1019 1915 1059 1938 se
1090 1902 1158 1938 fidi
1194 1901 1316 1950 magis

133 1968 260 2005 forent
278 1968 378 2005 alius
397 1969 465 2004 alii
484 1969 588 2005 tanti
606 1969 787 2006 facinoris
806 1968 958 2006 conscii.
1011 1966 1206 2004 Nonnulli
1225 1967 1316 2003 ficta

134 2037 174 2070 ct
201 2033 294 2070 haec
322 2037 362 2069 et
388 2035 513 2071 multa
541 2039 739 2083 praeterea
766 2033 1042 2070 existimabant
1070 2033 1118 2069 ab
1146 2032 1217 2078 his,
1248 2032 1315 2081 qui

135 2098 331 2136 Ciceronis
350 2100 549 2146 invidiam,
572 2112 671 2149 quae
691 2104 823 2148 postea
842 2103 927 2135 orta
946 2102 1015 2144 est,
1045 2097 1160 2133 leniri
1186 2096 1316 2133 crede-

135 2165 231 2201 bant
257 2165 462 2202 atrocitate
490 2165 643 2202 sceleris
672 2178 816 2210 eorum,
847 2164 914 2213 qui
942 2175 1084 2212 poenas
1116 2162 1311 2199 dederant.

94 2219 113 2282 ’ζ
134 2228 259 2265 Nobis
279 2242 323 2266 ea
341 2243 401 2266 res
421 2243 489 2279 pro
508 2230 777 2279 magnitudine
797 2242 934 2278 parum
955 2230 1149 2277 comperta
1168 2230 1237 2264 est.
