1502 2449
430 117 491 155 SA
497 117 564 153 LL
573 116 727 154 USTII
760 114 822 154 CA
831 114 891 151 TI
890 115 953 150 LI
951 114 1023 150 NA
1030 144 1038 152 .
1279 116 1294 150 ]
1308 118 1324 151 1

152 227 346 261 memores,
368 215 481 251 civile
508 214 651 251 bellum
680 212 928 261 exoptabant,
960 211 1232 260 opprimendae
1260 212 1329 248 rei-

151 281 327 330 publicae
345 280 546 317 consilium
566 279 676 328 cepit.
736 270 931 315 In‘Italia
956 277 1088 319 nullus
1114 277 1328 324 exereitus,

153 346 221 383 Cn.
245 345 452 394 Pompeius
470 345 513 381 in
532 344 716 381 extremis
735 343 851 380 terris
874 343 1018 379 bellum
1045 343 1202 392 gerebat
1215 356 1225 390 ς
1254 343 1329 392 ipsi

152 411 394 455 consulatum
423 410 572 459 petenti
599 422 740 458 magna
772 421 880 458 spes,
918 412 1074 444 senatus
1107 408 1206 445 nihil
1239 421 1330 444 sane

120 476 351 522 ·intentus;
397 478 506 511 tutae
542 474 850 523 tranquillaeque
887 487 947 510 res
984 486 1142 521 omnes3
1188 473 1253 510 sed
1287 486 1330 510 ea

153 518 544 589 prorsnfs‘opportuna
564 540 764 577 Catilinae.

232 605 375 642 XVII.
432 605 561 654 Igitur
580 605 732 642 circiter
757 605 959 641 Kalendas
983 604 1011 641 J
1013 605 1135 651 unias,
1164 604 1205 641 L.
1241 604 1330 641 Cae-

154 684 237 707 sare
257 675 296 707 et
316 671 355 708 C.
380 671 517 719 Figulo
537 671 767 716 consulibus,
789 670 914 719 primo
934 670 1104 720 singulos
1119 670 1312 720 adpellare
1323 683 1333 716 ;

154 736 302 772 hortari
339 736 444 782 alios,
484 736 579 772 alios
616 740 791 783 tentare3
836 749 927 785 opes
964 749 1062 782 suas,
1101 736 1333 785 imparatam

154 801 440 850 rempublicam,
490 814 629 850 magna
666 801 836 850 praemia
874 801 1150 849 conjurationis
1188 801 1331 838 docere.

156 866 239 903 Ubi
258 867 351 902 satis
370 866 570 915 explorata
588 870 689 912 sunt,
712 879 810 914 quae
830 867 965 912 voluit,
987 867 1030 902 in
1055 879 1177 903 unum
1203 879 1335 903 omnes

155 934 348 976 convocat,
389 931 529 979 quibus
565 930 735 966 maxima
771 931 1011 968 necessitudo
1047 935 1087 968 et
1122 932 1335 980 plurimum

154 995 336 1032 audaciae
381 995 515 1032 inerat.
594 995 651 1031 Eo
698 1008 909 1032 convenere
956 996 1139 1032 senatorii
1191 996 1336 1032 ordinis

156 1061 199 1097 P.
223 1061 415 1097 Lentulus
436 1061 544 1107 Sura,
568 1060 611 1098 P.
634 1061 865 1107 Autronius,
889 1062 931 1098 L.
954 1061 1108 1098 Cassius
1123 1061 1332 1110 Longinus,

156 1125 195 1161 C.
220 1124 421 1174 Cethegus,
446 1125 487 1163 P.
511 1129 549 1162 et
569 1125 728 1162 Servius
755 1125 895 1172 Sullae,
920 1126 1046 1162 Servii
1065 1126 1147 1172 filii,
1173 1126 1215 1163 L.
1239 1127 1336 1163 Var-

154 1190 347 1238 gunteius,
370 1189 414 1234 Q.
439 1190 606 1236 Annius,
629 1190 685 1227 M.
709 1191 870 1228 Porcius
890 1191 1022 1238 Laeca,
1046 1191 1088 1228 L.
1119 1192 1261 1238 Bestia,
1289 1192 1332 1236 Q.

156 1255 318 1292 Curius:
364 1259 563 1304 praeterea
603 1269 653 1292 ex
692 1256 866 1305 equestri
906 1257 1040 1293 ordine
1078 1257 1133 1294 M.
1174 1258 1337 1294 Fulvius

155 1320 344 1366 Nobilior,
361 1320 404 1356 L.
423 1320 611 1367 Statilius,
628 1321 670 1358 P.
688 1322 879 1358 Gabinius
896 1322 1042 1371 Capito,
1060 1322 1099 1361 C.
1117 1322 1337 1361 Cornelius:

154 1385 293 1421 adhoc
313 1386 429 1422 multi
449 1399 497 1422 ex
523 1387 684 1423 coloniis
712 1391 752 1424 et
780 1387 1012 1436 municipiis,
1044 1388 1149 1424 domi
1176 1389 1333 1425 nobiles.

155 1450 278 1486 Erant
305 1455 504 1499 praeterea
541 1452 756 1501 complures
792 1453 923 1502 paullo
961 1454 1149 1490 occultius
1186 1454 1338 1490 consilii

154 1515 548 1566 hujusce'participes
575 1518 732 1564 nobiles,
774 1531 868 1567 quos
905 1520 1026 1568 magis
1064 1519 1338 1557 dominationis

155 1593 240 1628 spes
277 1580 508 1618 hortabatur
544 1595 660 1631 quam
696 1583 829 1632 inopia
865 1589 934 1620 aut
971 1585 1046 1621 alia
1083 1585 1333 1623 necessitudo.

157 1644 338 1682 Ceterum
370 1646 559 1694 juventus
593 1648 787 1697 pleraque,
828 1649 893 1685 sed
931 1650 1099 1685 maxime
1136 1650 1335 1696 nobilium,

157 1710 348 1747 Catilinae
362 1711 525 1760 inceptis
541 1713 697 1749 favebat
706 1726 716 1760 ς
748 1714 887 1762 quibus
902 1714 944 1750 in
960 1715 1038 1751 otio
1050 1715 1112 1751 vel
1125 1715 1335 1763 magnifice,

156 1775 219 1810 vel
238 1775 406 1812 molliter
425 1777 555 1814 vivere
581 1779 691 1827 copia
718 1783 812 1825 erat,
840 1779 988 1815 incerta
1014 1792 1085 1828 pro
1110 1780 1234 1826 certis,
1263 1780 1339 1817 bel-

156 1840 248 1886 lum,
271 1853 386 1889 quam
405 1853 547 1890 pacem,
568 1844 774 1882 malebant.
834 1844 958 1881 Fuere
983 1845 1078 1881 item
1106 1858 1151 1882 ea
1178 1849 1339 1895 tempes-

156 1910 247 1951 tate,
269 1906 338 1954 qui
356 1907 556 1944 crederent
576 1908 631 1946 M.
654 1909 850 1945 Licinium
872 1910 1052 1946 Crassum
1067 1923 1145 1947 non
1159 1911 1338 1960 ignarum

156 1970 239 2018 ejus
262 1972 413 2007 consilii
438 1972 556 2008 fuisse
570 1986 580 2019 3
609 1974 701 2022 quia
729 1974 797 2013 Cn.
827 1975 1044 2024 Pompeius,
1073 1975 1223 2013 invisus
1251 1977 1336 2026 ipsi,

156 2048 339 2084 magnum
367 2038 581 2074 exercitum
610 2039 806 2086 ductabat,
843 2041 1013 2089 cujusvis
1045 2054 1136 2090 opes
1172 2042 1339 2078 voluisse

157 2105 291 2137 contra
318 2102 422 2139 illius
450 2104 665 2151 potentiam
695 2118 860 2142 crescere
868 2120 877 2153 3
917 2107 1032 2143 simul
1070 2107 1266 2154 confisum,
1306 2108 1339 2144 si

156 2165 371 2214 conjuratio
407 2168 603 2216 valuisset,
644 2169 756 2207 facile
794 2172 897 2221 apud
934 2172 1021 2209 illos
1057 2173 1271 2222 principem
1299 2186 1339 2209 se

156 2229 248 2268 fore.
