1502 2449
438 95 734 134 SALLUSTJI
767 95 1049 136 CATILINA.
1285 98 1334 134 33

157 208 223 232 seu
255 194 376 231 animi
405 195 609 232 nobilitate
638 195 805 244 impulsi,
839 209 914 245 quo
944 196 1117 232 studium
1147 209 1259 233 suum
1294 198 1334 233 in

156 259 428 308 rempublicam
445 259 585 295 clarius
604 264 712 305 esset,
731 260 943 308 egredienti
961 272 1010 296 ex
1029 263 1165 296 senatu
1182 259 1335 296 Caesari

155 323 282 372 gladio
301 323 583 360 minitarentur.

234 386 277 423 L.
334 386 441 422 Dum
461 387 553 423 haec
579 387 619 423 in
645 393 781 425 senatu
807 391 986 436 aguntur,
1014 391 1055 424 et
1079 388 1171 424 dum
1197 388 1334 437 legatis

130 478 135 485 ,
155 450 411 498 Allobrogum
431 454 469 487 et
495 451 584 487 Tito
607 451 823 498 Volturcio,
852 452 1099 501 comprobato
1124 465 1257 488 eorum
1279 452 1333 488 in-

155 514 264 560 dicio,
282 514 452 563 praemia
471 515 738 562 decernuntur,
764 516 896 553 liberti
917 521 956 553 et
980 517 1092 565 pauci
1114 529 1163 553 ex
1188 516 1334 553 clienti-

154 579 226 615 bus
245 579 414 625 Lentuli,
439 580 600 616 diversis
622 580 838 627 itineribus,
860 581 1012 629 opifices
1035 586 1150 629 atque
1175 580 1334 616 servitia

153 643 195 679 in
224 643 317 679 vicis
343 644 391 680 ad
418 657 506 680 eum
534 645 773 693 eripiendum
799 645 1070 691 sollicitabant,
1101 644 1241 694 partim
1271 657 1335 680 ex-

153 708 360 756 quirebant
389 708 503 744 duces
532 709 843 755 multitudinum,
876 710 943 758 qui
971 709 1096 758 pretio
1128 708 1334 757 rempubli-

153 785 235 808 cam
248 785 389 809 vexare
409 772 514 808 soliti
530 777 649 809 erant.
709 773 901 822 Cethegus
917 778 1058 820 autem,
1076 786 1145 822 per
1159 773 1332 819 nuncios,

152 836 339 872 familiam
363 840 478 885 atque
507 837 666 873 libertos
695 849 792 882 suos,
821 838 939 874 lectos
966 842 1005 873 et
1034 837 1263 881 exercitatos
1291 837 1333 873 in

152 900 361 945 audaciam,
394 901 538 945 orabat,
577 904 622 936 ut
653 913 767 948 grege
799 901 899 937 facto
931 913 1019 937 cum
1053 901 1140 936 telis
1172 900 1220 936 ad
1253 913 1334 936 sese

150 965 420 1012 irrumperent.
470 964 613 1002 Consul
633 965 701 1000 ubi
720 977 764 1001 ea
783 965 913 1013 parari
928 964 1119 1013 cognovit,
1137 964 1333 1012 dispositis

150 1028 350 1076 praesidiis
385 1032 431 1064 ut
466 1041 526 1065 res
562 1032 680 1077 atque
712 1033 864 1076 tempus
897 1027 1088 1073 monebat,
1124 1031 1333 1064 convocato

151 1096 287 1128 senatu
313 1092 440 1139 refert,
470 1093 597 1142 “quid
621 1093 667 1128 de
694 1092 756 1128 his
783 1092 868 1128 fieri
894 1091 1053 1140 placeat,
1085 1090 1152 1139 qui
1179 1090 1222 1126 in
1250 1103 1332 1126 cus-

150 1156 297 1192 todiam
326 1156 463 1192 traditi
487 1157 634 1193 erant.''
696 1155 771 1192 Sed
795 1167 859 1191 eos
883 1154 1014 1203 paullo
1039 1154 1333 1202 ante-frequens

150 1224 304 1256 senatus
343 1220 599 1268 judicaverat,
641 1223 809 1256 “contra
846 1219 1123 1268 rempublicam
1164 1218 1333 1255 fecisse.''

150 1284 247 1320 Tum
277 1284 326 1321 D.
356 1284 383 1320 J
386 1283 503 1320 unius
530 1283 696 1329 Silanus,
722 1284 872 1332 primus
900 1283 1135 1320 sententiam
1162 1286 1330 1331 rogatus,

149 1347 250 1396 quod
271 1360 314 1384 eo
334 1351 507 1396 tempore
527 1347 660 1384 consul
679 1347 903 1396 designatus
929 1351 1022 1393 erat,
1046 1347 1092 1383 de
1111 1346 1171 1382 his
1197 1346 1265 1394 qui
1290 1346 1332 1382 in

149 1412 334 1448 custodiis
354 1412 596 1458 tenebantur,
614 1415 812 1460 praeterea
831 1411 878 1447 de
898 1410 939 1447 L.
964 1410 1106 1456 Cassio,
1130 1410 1173 1447 P.
1197 1409 1326 1456 Furio,

149 1475 191 1511 P.
221 1476 434 1523 Umbreno,
461 1476 505 1520 Q.
530 1476 675 1521 Annio,
704 1475 736 1511 si
764 1475 992 1523 deprehensi
1019 1474 1159 1519 forent,
1190 1473 1332 1523 suppli-

148 1540 249 1575 cium
283 1540 514 1576 sumendum
545 1539 790 1585 decreverat,
818 1539 927 1587 isque
955 1541 1099 1587 postea,
1133 1541 1332 1586 permotus

149 1603 320 1640 oratione
340 1603 378 1639 C.
405 1603 587 1648 Caesaris,
607 1603 770 1652 pedibus
789 1602 831 1638 in
851 1601 1085 1638 sententiam
1105 1601 1185 1637 Tib.
1211 1601 1331 1637 Nero-

149 1665 209 1701 nis
233 1666 382 1702 iturum
405 1680 444 1703 se
473 1667 644 1713 dixerat,
673 1665 776 1714 quod
804 1666 850 1701 de
879 1678 924 1701 ea
952 1678 1002 1710 re,
1033 1664 1236 1713 praesidiis
1264 1664 1330 1700 ad-

149 1728 252 1774 ditis,
274 1729 517 1766 referendum
537 1733 747 1766 censuerat.
806 1728 882 1765 Sed
902 1728 1053 1774 Caesar,
1075 1728 1143 1764 ubi
1168 1728 1217 1763 ad
1242 1740 1330 1764 eum

150 1796 311 1828 ventum
329 1797 397 1838 est,
418 1797 573 1842 rogatus
593 1792 826 1829 sententiam
845 1806 868 1828 a
887 1792 1041 1828 consule
1064 1791 1331 1840 hujuscemodi

149 1856 268 1892 verba
286 1856 438 1892 locutus
457 1860 537 1895 est:

229 1920 294 1958 LI.
355 1920 537 1956 “Omnes
564 1913 748 1964 homines,
780 1920 917 1955 Patres
945 1918 1162 1967 conscripti,
1191 1918 1259 1967 qui
1285 1919 1331 1955 de

149 1984 262 2020 rebus
290 1984 418 2020 dubiis
450 1984 681 2028 consultant,
712 1984 761 2019 ab
789 1983 885 2028 odio,
917 1982 1097 2027 amicitia,
1127 1982 1185 2018 iia
1213 1987 1330 2031 atque

149 2048 411 2085 misericordia
437 2060 577 2084 vacuos
603 2060 682 2084 esse
711 2047 827 2083 decet.
887 2047 1008 2082 Haud
1035 2046 1148 2082 facile
1176 2046 1330 2083 animus

149 2125 283 2148 verum
316 2111 493 2161 providet
522 2111 590 2147 ubi
622 2111 689 2147 illa
721 2111 926 2158 obiiciunt,
967 2123 1091 2159 neque
1124 2111 1329 2159 quisquam

149 2177 321 2214 omnium
341 2176 508 2214 lubidini
528 2176 641 2213 simul
658 2180 697 2213 et
717 2177 804 2213 usui
823 2176 961 2226 paruit.
1013 2176 1096 2213 Ubi
1116 2175 1330 2212 intenderis

252 2269 280 2296 s,
1201 2257 1222 2292 3
