1543 2449
393 123 528 161 SALL
540 123 693 161 USTII
726 122 1041 160 JUGURTHA.
1260 123 1307 158 25

131 222 154 245 a
194 208 349 245 consule
386 208 542 244 Sextius
579 211 758 255 quaestor
794 207 836 243 in
872 206 1056 255 oppidum
1088 207 1116 243 J
1119 207 1308 255 ugurthae

132 273 294 321 Vagam,
316 272 425 320 cujus
444 272 499 307 rei
519 272 662 319 species
688 275 772 308 erat
795 271 966 320 acceptio
985 271 1184 317 frumenti,
1205 272 1307 320 quod

132 336 364 385 Calpurnius
383 336 510 384 palam
530 336 666 384 legatis
694 336 975 384 imperaverat3
1003 335 1186 383 quoniam
1205 335 1308 372 dedi-

130 400 246 436 tionis
278 412 386 435 mora
422 399 599 435 induciae
636 399 894 447 agitabantur.
964 398 1093 447 Igitur
1129 411 1211 445 rex,
1245 400 1305 435 uti

121 464 395 513 constituerat,
409 464 449 499 in
469 468 594 500 castra
608 464 727 509 venit,
742 477 785 500 ac
800 477 923 512 pauca
936 464 1131 513 praesenti
1147 464 1306 500 consilio

129 527 280 562 locutus
310 527 357 563 de
383 526 532 562 invidia
557 526 652 562 facti
678 526 749 571 sui,
770 531 886 575 atque
913 527 955 562 in
980 527 1216 563 deditionem
1245 527 1305 562 uti

128 590 376 639 acciperetur,
419 591 567 639 reliqua
611 603 696 626 cum
735 591 868 627 Bestia
904 595 944 627 et
981 591 1124 627 Scauro
1161 595 1307 627 secreta

127 656 309 703 transigit
317 669 326 700 3
346 655 436 691 dein
450 659 602 703 postero
618 654 691 699 die,
708 655 817 702 quasi
832 667 900 702 per
915 659 1085 690 saturam
1103 654 1306 704 exquisitis

128 718 341 762 sententiis,
356 718 396 753 in
411 717 646 753 deditionem
661 717 857 765 accipitur.
892 717 978 762 Sed,
988 717 1047 753 uti
1061 730 1131 766 pro
1147 717 1306 754 consilio

127 782 357 829 imperatum
386 785 480 825 erat,
507 780 703 828 elephanti
730 780 903 828 triginta,
931 794 1048 829 pecus
1076 785 1193 830 atque
1217 782 1305 830 equi

128 845 241 880 multi
261 857 347 880 cum
366 856 486 892 parvo
505 844 656 891 argenti
673 843 853 891 pondere,
868 845 1063 892 quaestori
1082 845 1301 881 traduntur.

128 908 360 956 Calpurnius
381 908 545 943 Romam
560 907 609 942 ad
624 907 874 955 magistratus
893 908 1083 955 rogandos
1102 909 1292 957 proficisci

127 978 199 1008 tur.
259 971 309 1007 In
328 971 517 1007 Numidia
536 974 576 1006 et
594 971 768 1006 exercitu
787 975 920 1008 nostro
938 984 1016 1020 pax
1035 973 1265 1020 agitabatur.

204 1034 340 1070 XXX.
400 1033 611 1081 Postquam
647 1046 708 1070 res
744 1034 786 1070 in
818 1034 958 1071 Africa
984 1041 1123 1083 gestas,
1153 1049 1304 1085 quoque

125 1098 237 1134 modo
256 1102 364 1134 actae
383 1097 523 1142 forent,
544 1097 649 1133 fama
667 1097 896 1146 divulgavit,
918 1099 1066 1135 Romae
1085 1112 1154 1148 per
1172 1112 1304 1136 omnes

125 1164 226 1198 locos
254 1166 293 1198 et
321 1165 535 1198 conventus
563 1161 611 1197 de
639 1161 743 1198 facto
780 1163 948 1199 consulis
975 1163 1123 1211 agitari.
1181 1165 1303 1214 Apud

124 1226 273 1274 plebem
300 1225 430 1274 gravis
457 1225 606 1261 invidia
619 1238 629 1271 3
658 1225 795 1262 Patres
823 1226 980 1262 solliciti
1007 1231 1119 1263 erant
1131 1241 1142 1274 3
1169 1229 1290 1277 proba

123 1293 260 1325 rentne
278 1292 433 1324 tantum
452 1288 654 1336 flagitium,
675 1302 726 1325 an
744 1289 941 1326 decretum
962 1291 1129 1327 consulis
1148 1292 1303 1328 subver-

122 1358 261 1400 terent,
292 1367 429 1403 parum
462 1355 672 1390 constabat.
730 1354 793 1390 Ac
822 1356 990 1392 maxime
1027 1369 1091 1392 eos
1126 1357 1303 1405 potentia

124 1418 270 1464 Scauri,
290 1418 393 1467 quod
420 1419 454 1454 is
481 1423 616 1455 auctor
644 1422 684 1455 et
711 1419 837 1456 socius
865 1420 1020 1457 Bestiae
1048 1421 1258 1467 ferebatur,
1279 1435 1302 1458 a

123 1495 214 1519 vcro
237 1483 413 1531 bonoque
435 1483 678 1531 impediebat.
735 1484 795 1519 At
815 1484 854 1521 O.
878 1484 1098 1531 Memmius,
1120 1486 1229 1534 cujus
1254 1486 1301 1522 dc

123 1547 302 1583 libertate
317 1547 462 1595 ingenii
476 1551 516 1583 et
534 1547 622 1583 odio
635 1548 833 1596 potentiae
844 1549 1061 1585 nobilitatis
1076 1562 1192 1598 supra
1204 1549 1300 1586 dixi-

122 1623 219 1655 mus,
239 1610 342 1646 inter
366 1611 648 1647 dubitationem
676 1615 716 1648 et
739 1624 866 1648 moras
890 1613 1026 1659 senati,
1053 1614 1301 1650 concionibus

123 1674 307 1721 populum
336 1674 385 1710 ad
412 1674 689 1711 Vindicandum
725 1675 873 1712 hortari
886 1690 896 1722 3
932 1689 1099 1722 monere,
1128 1690 1177 1713 ne
1205 1690 1299 1714 rem«

123 1737 328 1785 publicam,
357 1751 405 1774 ne
433 1738 653 1775 libertatem
681 1752 789 1775 suam
813 1740 1055 1787 desererent,
1088 1741 1213 1777 multa
1241 1754 1300 1777 su-

122 1801 240 1849 perba
258 1804 298 1836 et
316 1801 486 1837 crudelia
504 1801 677 1838 facinora
700 1803 916 1845 nobilitatis
944 1802 1166 1839 ostendere:
1195 1815 1299 1851 pror-

122 1879 186 1901 sus
214 1866 389 1903 intentus
416 1867 521 1903 omni
548 1867 661 1903 modo
690 1868 814 1916 plebis
843 1868 1015 1904 animuin
1052 1867 1294 1904 accendebat.

122 1930 198 1966 Sed
217 1931 398 1978 quoniam
424 1943 469 1967 ea
492 1935 722 1980 tempestate
746 1931 894 1967 Romae
913 1931 1091 1967 Memmii
1115 1931 1298 1968 facundia

121 1994 224 2030 clara
243 1994 467 2043 pollensque
486 1995 575 2041 fuit,
596 1995 729 2031 decere
752 1995 985 2040 existimavi,
1006 2008 1123 2030 unam
1149 2007 1198 2031 ex
1216 1998 1297 2031 tam

121 2058 254 2094 multis
273 2059 485 2095 orationem
503 2059 737 2107 perscribere
753 2073 759 2095 :
789 2071 832 2095 ac
844 2059 1087 2107 potissimum
1102 2071 1147 2095 ea
1159 2058 1296 2103 dicam,

121 2135 217 2170 quae
245 2123 287 2159 in
315 2124 496 2160 concione
524 2127 612 2172 post
639 2123 807 2160 reditum
841 2123 995 2160 Bestiae
1031 2122 1298 2171 hujuscemodi

121 2187 247 2223 verbis
266 2187 455 2224 disseruit.
