1543 2449
398 126 696 164 SALLUSTH
730 126 838 164 JUG'
850 126 1042 165 URTHA,
1286 129 1308 163 3

134 213 269 262 Atque
293 225 364 261 ego
390 212 505 248 credo
532 212 615 249 fore
642 213 720 262 qui,
747 213 837 262 quia
864 212 1017 250 decrevi
1043 213 1177 261 procul
1204 225 1227 249 a
1255 225 1295 249 re
1342 247 1345 251 .

134 277 288 326 publica
310 280 478 313 aetatem
503 289 626 325 agere,
647 281 757 313 tanto
782 281 938 326 tamque
963 277 1053 313 utili
1077 277 1200 313 labori
1224 290 1309 313 meo

133 354 273 377 nomen
300 341 462 378 inertiae
490 341 691 389 imponant
704 355 714 388 3
747 345 861 387 certe,
890 341 1029 390 quibus
1057 341 1227 377 maxima
1254 341 1308 376 in-

130 405 282 441 dustria
308 404 463 440 videtur
491 405 658 440 salutare
685 405 835 453 plebem
861 408 900 440 et
926 404 1115 440 conviviis
1142 404 1305 452 gratiam

121 480 322 516 ,quaerere
380 467 456 511 Qui
481 468 514 503 si
539 468 816 516 reputaverint,
843 471 881 504 et
904 468 1046 516 quibus
1070 480 1139 516 ego
1164 470 1307 515 tempo—

131 533 238 569 ribus
274 532 523 580 magistratus
552 532 715 580 adeptus
747 532 830 577 sim,
861 536 900 568 et
932 532 1063 580 quales
1095 531 1170 567 viri
1204 531 1304 567 idem

129 595 290 644 adsequi
314 595 572 643 nequiverint,
596 599 636 631 et
660 598 793 643 postea
817 608 915 644 quae
938 608 1080 643 genera
1107 595 1304 631 hominum

130 659 172 694 in
208 662 385 694 senatum
422 659 680 706 pervenerint,
718 658 890 707 profecto
926 659 1206 695 existimabunt
1246 672 1306 694 me

130 722 252 770 magis
276 723 414 758 merito
440 736 555 771 quam
584 723 738 771 ignavia
755 723 948 770 judicium
976 723 1096 759 animi
1124 723 1200 759 mei
1227 735 1306 758 mu-

130 787 284 832 tavisse,
314 786 514 834 majusque
543 786 782 822 commodum
811 799 860 822 ex
891 786 970 822 otio
997 799 1081 822 meo
1110 799 1224 834 quam
1258 799 1306 822 ex

129 848 293 884 aliorum
325 848 489 896 negotiis
521 848 753 896 reipublicae
782 852 1000 885 venturum.
1058 848 1161 884 Nam
1195 861 1306 897 saepe

127 911 262 947 audivi
284 911 326 955 Q.
350 911 581 956 Maximum,
602 910 644 947 P.
667 910 896 959 Scipionem,
916 915 1114 960 praeterea
1136 912 1307 948 civitatis

129 978 283 1010 nostrae
302 973 517 1022 praeclaros
540 973 642 1009 viros
661 974 794 1009 solitos
819 974 875 1010 ita
894 974 1031 1020 dicere,
1057 978 1211 1023 “quum
1231 988 1306 1011 ma-

123 1039 253 1086 jorum
281 1038 468 1086 imagines
493 1038 749 1084 intuerentur,
770 1039 1104 1075 vehementissime
1128 1039 1202 1075 sibi
1227 1039 1305 1074 ani-

128 1116 233 1139 mum
259 1102 308 1139 ad
332 1103 518 1139 virtutem
538 1103 695 1138 accendi
708 1116 717 1149 ς
731 1103 749 1118 '²
774 1103 922 1139 scilicet
943 1116 1022 1139 non
1039 1116 1165 1139 ceram
1185 1103 1303 1148 illam,

127 1178 251 1214 neque
278 1166 452 1214 figuram,
481 1169 631 1201 tantam
659 1166 739 1201 vim
767 1166 808 1201 in
834 1179 917 1202 sese
945 1165 1084 1202 habere
1098 1179 1107 1212 3
1136 1166 1202 1202 sed
1230 1179 1304 1202 me-

127 1231 249 1267 moria
273 1244 401 1267 rerum
426 1236 619 1279 gestarum
645 1244 728 1267 eam
746 1231 939 1266 flammam
964 1231 1125 1279 egregiis
1144 1230 1238 1267 viris
1263 1231 1303 1266 in

127 1300 280 1344 pectore
317 1308 495 1340 crescere,
533 1307 656 1343 neque
695 1295 803 1344 prius
844 1295 981 1341 sedari,
1019 1309 1134 1344 quam
1177 1295 1304 1331 virtus

126 1372 258 1395 eorum
277 1358 420 1395 famam
440 1362 556 1407 atque
575 1358 735 1407 gloriam
754 1358 1038 1407 adaequaverit.
1096 1360 1155 1396 At
1170 1364 1304 1396 contra

125 1423 213 1472 quis
240 1427 299 1459 est
326 1424 497 1460 omnium
525 1423 585 1459 his
613 1424 794 1469 moribus,
815 1424 910 1472 quin
935 1424 1083 1461 divitiis
1111 1428 1151 1461 et
1176 1437 1301 1473 sump-

126 1489 242 1534 tibus,
271 1501 350 1524 non
378 1488 570 1537 probitate
602 1501 726 1536 neque
753 1488 946 1524 industria
973 1501 1061 1524 cum
1091 1489 1301 1537 majoribus

125 1552 206 1587 suis
238 1552 471 1588 contendat?
503 1552 619 1588 etiam
650 1551 824 1588 homines
854 1551 957 1597 novi,
991 1552 1058 1600 qui
1089 1556 1204 1588 antea
1235 1565 1303 1601 per

126 1615 311 1651 virtutem
332 1616 436 1651 soliti
455 1619 566 1652 erant
588 1616 831 1652 nobilitatem
851 1616 1086 1661 antevenire,
1107 1616 1244 1652 furtim
1263 1620 1303 1653 et

125 1691 193 1726 per
212 1679 413 1714 latrocinia
431 1679 560 1727 potius
579 1692 694 1727 quam
714 1679 825 1716 bonis
842 1680 992 1716 artibus
1012 1680 1061 1716 ad
1083 1680 1245 1729 imperia
1263 1686 1303 1717 et-

125 1743 288 1780 honores
319 1744 524 1790 nituntur3
556 1744 717 1792 proinde
748 1744 858 1792 quasi
889 1748 1071 1792 praetura
1098 1748 1138 1780 et
1170 1757 1302 1782 consu-

126 1808 227 1844 latus
252 1812 368 1856 atque
393 1808 469 1844 alia
493 1808 623 1844 omnia
647 1805 912 1855 hujuscemodi
936 1820 1005 1856 per
1029 1821 1068 1844 se
1093 1808 1177 1856 ipsa
1199 1809 1302 1846 clara

124 1875 164 1907 et
182 1872 384 1920 magnifica
402 1872 492 1917 sint,
508 1885 552 1907 ac
571 1885 649 1907 non
667 1872 826 1920 perinde
844 1871 1072 1916 habeantur,
1093 1875 1138 1907 ut
1156 1884 1299 1916 eorum,

124 1935 191 1983 qui
211 1948 255 1971 ea
272 1935 478 1980 sustinent,
499 1936 624 1971 virtus
643 1939 711 1971 est.
769 1935 918 1971 Verum
941 1947 1010 1983 ego
1035 1935 1194 1971 liberius
1218 1935 1301 1971 alti-

125 2011 244 2046 usque
270 1999 446 2047 processi,
467 1998 559 2034 dum
585 2011 646 2034 me
671 1997 842 2034 civitatis
860 2010 1009 2034 morum
1034 1997 1140 2046 piget
1158 1998 1301 2035 taedet-

123 2074 196 2109 que
212 2075 219 2097 :
248 2075 351 2097 nunc
370 2062 419 2098 ad
439 2062 634 2110 inceptum
654 2061 777 2098 redeo.

204 2126 252 2163 V.
312 2127 465 2163 Bellum
502 2127 716 2176 scripturus
753 2140 850 2172 sum,
884 2127 987 2176 quod
1022 2128 1188 2176 populus
1226 2128 1300 2164 Ro-

124 2205 258 2228 manus
288 2204 373 2228 cum
402 2192 429 2228 J
434 2191 611 2240 ugurtha,
641 2204 728 2239 rege
757 2191 1028 2237 Numidarum,
1057 2191 1198 2240 gessit3
1226 2192 1300 2241 pri-

1093 2264 1193 2301 1-2
