<?xml version="1.0" encoding="UTF-8"?>
<!DOCTYPE html PUBLIC "-//W3C//DTD XHTML 1.0 Transitional//EN"
    "http://www.w3.org/TR/xhtml1/DTD/xhtml1-transitional.dtd">
<html xmlns="http://www.w3.org/1999/xhtml" xml:lang="en" lang="en">
 <head>
  <title>
</title>
<meta http-equiv="Content-Type" content="text/html;charset=utf-8" />
  <meta name='ocr-system' content='tesseract 3.04.00' />
  <meta name='ocr-capabilities' content='ocr_page ocr_carea ocr_par ocr_line ocrx_word'/>
</head>
<body>
  <div class='ocr_page' id='page_1' title='image "./catilinaetjugurt00salluoft_0209.png"; bbox 0 0 1543 2449; ppageno 0'>
   <div class='ocr_carea' id='block_1_1' title="bbox 384 138 1287 180">
    <p class='ocr_par' dir='ltr' id='par_1_1' title="bbox 384 138 1287 180">
     <span class='ocr_line' id='line_1_1' title="bbox 384 138 1287 180; baseline -0.003 0"><span class='ocrx_word' id='word_1_1' title='bbox 384 138 680 180; x_wconf 68' lang='lat' dir='ltr'><em>SALLUSTJI</em></span> <span class='ocrx_word' id='word_1_2' title='bbox 713 140 1020 179; x_wconf 71' lang='lat' dir='ltr'><strong><em>JUGURTHA.</em></strong></span> <span class='ocrx_word' id='word_1_3' title='bbox 1237 139 1287 177; x_wconf 78' lang='lat'>49</span> 
     </span>
    </p>
   </div>
   <div class='ocr_carea' id='block_1_2' title="bbox 96 226 1331 2307">
    <p class='ocr_par' dir='ltr' id='par_1_2' title="bbox 107 226 1290 722">
     <span class='ocr_line' id='line_1_2' title="bbox 110 226 1289 275; baseline -0.002 -11"><span class='ocrx_word' id='word_1_4' title='bbox 110 241 153 265; x_wconf 90' lang='lat' dir='ltr'>ac</span> <span class='ocrx_word' id='word_1_5' title='bbox 172 241 326 264; x_wconf 88' lang='lat' dir='ltr'>murum</span> <span class='ocrx_word' id='word_1_6' title='bbox 354 228 468 265; x_wconf 89' lang='lat' dir='ltr'>modo</span> <span class='ocrx_word' id='word_1_7' title='bbox 498 228 714 273; x_wconf 80' lang='lat' dir='ltr'>subfodere,</span> <span class='ocrx_word' id='word_1_8' title='bbox 743 227 857 264; x_wconf 89' lang='lat' dir='ltr'>modo</span> <span class='ocrx_word' id='word_1_9' title='bbox 884 227 997 264; x_wconf 86' lang='lat' dir='ltr'>scalis</span> <span class='ocrx_word' id='word_1_10' title='bbox 1016 226 1173 275; x_wconf 79' lang='lat' dir='ltr'>aggredi</span> <span class='ocrx_word' id='word_1_11' title='bbox 1187 239 1198 273; x_wconf 90' lang='lat'><em>3</em></span> <span class='ocrx_word' id='word_1_12' title='bbox 1227 239 1289 262; x_wconf 91' lang='lat' dir='ltr'>cu-</span> 
     </span>
     <span class='ocr_line' id='line_1_3' title="bbox 108 289 1289 342; baseline -0.002 -14"><span class='ocrx_word' id='word_1_13' title='bbox 108 304 199 340; x_wconf 83' lang='lat' dir='ltr'>pere</span> <span class='ocrx_word' id='word_1_14' title='bbox 214 291 405 340; x_wconf 87' lang='lat' dir='ltr'>proelium</span> <span class='ocrx_word' id='word_1_15' title='bbox 423 289 495 342; x_wconf 89' lang='lat' dir='ltr'>[in]</span> <span class='ocrx_word' id='word_1_16' title='bbox 511 292 689 327; x_wconf 87' lang='lat' dir='ltr'>manibus</span> <span class='ocrx_word' id='word_1_17' title='bbox 708 291 843 327; x_wconf 83' lang='lat' dir='ltr'>facere.</span> <span class='ocrx_word' id='word_1_18' title='bbox 890 291 1035 328; x_wconf 84' lang='lat' dir='ltr'>Contra</span> <span class='ocrx_word' id='word_1_19' title='bbox 1046 303 1091 327; x_wconf 88' lang='lat' dir='ltr'>ea</span> <span class='ocrx_word' id='word_1_20' title='bbox 1105 289 1289 339; x_wconf 85' lang='lat' dir='ltr'>oppidani</span> 
     </span>
     <span class='ocr_line' id='line_1_4' title="bbox 109 354 1289 403; baseline 0.001 -13"><span class='ocrx_word' id='word_1_21' title='bbox 109 355 151 391; x_wconf 89' lang='lat' dir='ltr'>in</span> <span class='ocrx_word' id='word_1_22' title='bbox 176 354 373 403; x_wconf 75' lang='lat' dir='ltr'>proximos</span> <span class='ocrx_word' id='word_1_23' title='bbox 402 367 496 390; x_wconf 81' lang='lat' dir='ltr'>saxa</span> <span class='ocrx_word' id='word_1_24' title='bbox 528 355 695 400; x_wconf 83' lang='lat' dir='ltr'>volvere,</span> <span class='ocrx_word' id='word_1_25' title='bbox 720 354 846 400; x_wconf 86' lang='lat' dir='ltr'>sudes,</span> <span class='ocrx_word' id='word_1_26' title='bbox 866 354 957 403; x_wconf 89' lang='lat' dir='ltr'>pila,</span> <span class='ocrx_word' id='word_1_27' title='bbox 977 357 1178 403; x_wconf 81' lang='lat' dir='ltr'>praeterea</span> <span class='ocrx_word' id='word_1_28' title='bbox 1204 354 1289 402; x_wconf 88' lang='lat' dir='ltr'>pice</span> 
     </span>
     <span class='ocr_line' id='line_1_5' title="bbox 109 416 1288 465; baseline -0.001 -12"><span class='ocrx_word' id='word_1_29' title='bbox 109 421 148 453; x_wconf 88' lang='lat' dir='ltr'>et</span> <span class='ocrx_word' id='word_1_30' title='bbox 166 416 350 465; x_wconf 85' lang='lat' dir='ltr'>sulphure</span> <span class='ocrx_word' id='word_1_31' title='bbox 370 417 522 453; x_wconf 87' lang='lat' dir='ltr'>taedam</span> <span class='ocrx_word' id='word_1_32' title='bbox 542 417 707 453; x_wconf 76' lang='lat' dir='ltr'>mixtam</span> <span class='ocrx_word' id='word_1_33' title='bbox 733 417 887 454; x_wconf 84' lang='lat' dir='ltr'>ardenti</span> <span class='ocrx_word' id='word_1_34' title='bbox 912 417 1077 453; x_wconf 90' lang='lat' dir='ltr'>mittere.</span> <span class='ocrx_word' id='word_1_35' title='bbox 1136 416 1212 453; x_wconf 77' lang='lat' dir='ltr'>Sed</span> <span class='ocrx_word' id='word_1_36' title='bbox 1239 429 1288 452; x_wconf 85' lang='lat' dir='ltr'>ne</span> 
     </span>
     <span class='ocr_line' id='line_1_6' title="bbox 108 481 1290 531; baseline 0 -14"><span class='ocrx_word' id='word_1_37' title='bbox 108 482 194 531; x_wconf 79' lang='lat' dir='ltr'>illos</span> <span class='ocrx_word' id='word_1_38' title='bbox 214 481 381 530; x_wconf 89' lang='lat' dir='ltr'>quidem,</span> <span class='ocrx_word' id='word_1_39' title='bbox 402 482 469 530; x_wconf 88' lang='lat' dir='ltr'>qui</span> <span class='ocrx_word' id='word_1_40' title='bbox 487 483 622 531; x_wconf 90' lang='lat' dir='ltr'>procul</span> <span class='ocrx_word' id='word_1_41' title='bbox 641 486 875 528; x_wconf 86' lang='lat' dir='ltr'>manserant,</span> <span class='ocrx_word' id='word_1_42' title='bbox 901 482 1020 518; x_wconf 87' lang='lat' dir='ltr'>timor</span> <span class='ocrx_word' id='word_1_43' title='bbox 1045 481 1166 518; x_wconf 87' lang='lat' dir='ltr'>animi</span> <span class='ocrx_word' id='word_1_44' title='bbox 1194 481 1290 518; x_wconf 85' lang='lat' dir='ltr'>satis</span> 
     </span>
     <span class='ocr_line' id='line_1_7' title="bbox 108 545 1288 594; baseline 0.001 -14"><span class='ocrx_word' id='word_1_45' title='bbox 108 545 329 581; x_wconf 88' lang='lat' dir='ltr'>muniverat</span> <span class='ocrx_word' id='word_1_46' title='bbox 336 559 346 592; x_wconf 80' lang='lat'><em>3</em></span> <span class='ocrx_word' id='word_1_47' title='bbox 373 558 463 581; x_wconf 89' lang='lat' dir='ltr'>nam</span> <span class='ocrx_word' id='word_1_48' title='bbox 482 545 684 594; x_wconf 88' lang='lat' dir='ltr'>plerosque</span> <span class='ocrx_word' id='word_1_49' title='bbox 704 545 836 593; x_wconf 85' lang='lat' dir='ltr'>jacula</span> <span class='ocrx_word' id='word_1_50' title='bbox 854 545 1059 581; x_wconf 86' lang='lat' dir='ltr'>tormentis</span> <span class='ocrx_word' id='word_1_51' title='bbox 1079 549 1150 581; x_wconf 86' lang='lat' dir='ltr'>aut</span> <span class='ocrx_word' id='word_1_52' title='bbox 1168 557 1288 581; x_wconf 87' lang='lat' dir='ltr'>manu</span> 
     </span>
     <span class='ocr_line' id='line_1_8' title="bbox 107 609 1290 658; baseline 0.001 -14"><span class='ocrx_word' id='word_1_53' title='bbox 107 609 247 645; x_wconf 86' lang='lat' dir='ltr'>emissa</span> <span class='ocrx_word' id='word_1_54' title='bbox 264 609 525 645; x_wconf 87' lang='lat' dir='ltr'>vulnerabant</span> <span class='ocrx_word' id='word_1_55' title='bbox 536 622 547 656; x_wconf 98' lang='lat'><em>3</em></span> <span class='ocrx_word' id='word_1_56' title='bbox 574 609 734 658; x_wconf 87' lang='lat' dir='ltr'>parique</span> <span class='ocrx_word' id='word_1_57' title='bbox 749 609 932 658; x_wconf 83' lang='lat' dir='ltr'>periculo,</span> <span class='ocrx_word' id='word_1_58' title='bbox 948 609 1014 646; x_wconf 91' lang='lat' dir='ltr'>sed</span> <span class='ocrx_word' id='word_1_59' title='bbox 1027 609 1131 645; x_wconf 84' lang='lat' dir='ltr'>fama</span> <span class='ocrx_word' id='word_1_60' title='bbox 1149 609 1290 658; x_wconf 89' lang='lat' dir='ltr'>impari</span> 
     </span>
     <span class='ocr_line' id='line_1_9' title="bbox 108 673 624 722; baseline 0.002 -13"><span class='ocrx_word' id='word_1_61' title='bbox 108 673 199 710; x_wconf 90' lang='lat' dir='ltr'>boni</span> <span class='ocrx_word' id='word_1_62' title='bbox 218 677 335 722; x_wconf 89' lang='lat' dir='ltr'>atque</span> <span class='ocrx_word' id='word_1_63' title='bbox 354 673 486 722; x_wconf 82' lang='lat' dir='ltr'>ignavi</span> <span class='ocrx_word' id='word_1_64' title='bbox 504 678 624 710; x_wconf 88' lang='lat' dir='ltr'>erant.</span> 
     </span>
    </p>

    <p class='ocr_par' dir='ltr' id='par_1_3' title="bbox 96 736 1331 2256">
     <span class='ocr_line' id='line_1_10' title="bbox 187 736 1290 786; baseline -0.001 -13"><span class='ocrx_word' id='word_1_65' title='bbox 187 736 344 773; x_wconf 85' lang='lat' dir='ltr'><strong>LVIII.</strong></span> <span class='ocrx_word' id='word_1_66' title='bbox 403 737 510 773; x_wconf 89' lang='lat' dir='ltr'>Dum</span> <span class='ocrx_word' id='word_1_67' title='bbox 529 736 632 786; x_wconf 82' lang='lat' dir='ltr'>apud</span> <span class='ocrx_word' id='word_1_68' title='bbox 648 737 806 773; x_wconf 81' lang='lat' dir='ltr'>Zamam</span> <span class='ocrx_word' id='word_1_69' title='bbox 826 737 880 773; x_wconf 86' lang='lat' dir='ltr'>sic</span> <span class='ocrx_word' id='word_1_70' title='bbox 895 740 1077 783; x_wconf 80' lang='lat' dir='ltr'>certatur,</span> <span class='ocrx_word' id='word_1_71' title='bbox 1090 737 1118 773; x_wconf 78' lang='lat' dir='ltr'>J</span> <span class='ocrx_word' id='word_1_72' title='bbox 1121 736 1290 785; x_wconf 84' lang='lat' dir='ltr'>ugurtha</span> 
     </span>
     <span class='ocr_line' id='line_1_11' title="bbox 107 803 1289 854; baseline 0 -14"><span class='ocrx_word' id='word_1_73' title='bbox 107 817 157 840; x_wconf 83' lang='lat' dir='ltr'>cx</span> <span class='ocrx_word' id='word_1_74' title='bbox 175 803 384 852; x_wconf 88' lang='lat' dir='ltr'>improviso</span> <span class='ocrx_word' id='word_1_75' title='bbox 404 809 530 841; x_wconf 84' lang='lat' dir='ltr'>castra</span> <span class='ocrx_word' id='word_1_76' title='bbox 543 804 713 841; x_wconf 87' lang='lat' dir='ltr'>hostium</span> <span class='ocrx_word' id='word_1_77' title='bbox 729 818 816 841; x_wconf 86' lang='lat' dir='ltr'>cum</span> <span class='ocrx_word' id='word_1_78' title='bbox 828 818 969 854; x_wconf 83' lang='lat' dir='ltr'>magna</span> <span class='ocrx_word' id='word_1_79' title='bbox 982 817 1101 841; x_wconf 90' lang='lat' dir='ltr'>manu</span> <span class='ocrx_word' id='word_1_80' title='bbox 1112 804 1266 840; x_wconf 84' lang='lat' dir='ltr'>invadit</span> <span class='ocrx_word' id='word_1_81' title='bbox 1278 817 1289 851; x_wconf 89' lang='lat'><em>3</em></span> 
     </span>
     <span class='ocr_line' id='line_1_12' title="bbox 107 869 1288 918; baseline 0.001 -13"><span class='ocrx_word' id='word_1_82' title='bbox 107 869 287 914; x_wconf 78' lang='lat' dir='ltr'>remissis,</span> <span class='ocrx_word' id='word_1_83' title='bbox 308 869 375 918; x_wconf 88' lang='lat' dir='ltr'>qui</span> <span class='ocrx_word' id='word_1_84' title='bbox 393 870 435 905; x_wconf 90' lang='lat' dir='ltr'>in</span> <span class='ocrx_word' id='word_1_85' title='bbox 453 869 644 918; x_wconf 87' lang='lat' dir='ltr'>praesidio</span> <span class='ocrx_word' id='word_1_86' title='bbox 672 874 795 915; x_wconf 84' lang='lat' dir='ltr'>erant,</span> <span class='ocrx_word' id='word_1_87' title='bbox 816 874 856 906; x_wconf 91' lang='lat' dir='ltr'>et</span> <span class='ocrx_word' id='word_1_88' title='bbox 878 870 1007 906; x_wconf 90' lang='lat' dir='ltr'>omnia</span> <span class='ocrx_word' id='word_1_89' title='bbox 1031 869 1153 918; x_wconf 81' lang='lat' dir='ltr'>magis</span> <span class='ocrx_word' id='word_1_90' title='bbox 1172 882 1288 918; x_wconf 87' lang='lat' dir='ltr'>quam</span> 
     </span>
     <span class='ocr_line' id='line_1_13' title="bbox 107 934 1288 983; baseline -0.001 -13"><span class='ocrx_word' id='word_1_91' title='bbox 107 934 296 982; x_wconf 87' lang='lat' dir='ltr'>proelium</span> <span class='ocrx_word' id='word_1_92' title='bbox 316 934 642 983; x_wconf 68' lang='lat' dir='ltr'>exspectantibus,</span> <span class='ocrx_word' id='word_1_93' title='bbox 662 938 814 983; x_wconf 86' lang='lat' dir='ltr'>portam</span> <span class='ocrx_word' id='word_1_94' title='bbox 833 935 1025 983; x_wconf 85' lang='lat' dir='ltr'>irrumpit.</span> <span class='ocrx_word' id='word_1_95' title='bbox 1074 934 1135 970; x_wconf 89' lang='lat' dir='ltr'>At</span> <span class='ocrx_word' id='word_1_96' title='bbox 1152 934 1288 979; x_wconf 88' lang='lat' dir='ltr'>nostri,</span> 
     </span>
     <span class='ocr_line' id='line_1_14' title="bbox 108 998 1289 1049; baseline -0.002 -13"><span class='ocrx_word' id='word_1_97' title='bbox 108 1000 310 1049; x_wconf 88' lang='lat' dir='ltr'>repentino</span> <span class='ocrx_word' id='word_1_98' title='bbox 342 1004 449 1036; x_wconf 88' lang='lat' dir='ltr'>metu</span> <span class='ocrx_word' id='word_1_99' title='bbox 486 1000 663 1048; x_wconf 87' lang='lat' dir='ltr'>perculsi,</span> <span class='ocrx_word' id='word_1_100' title='bbox 702 1000 776 1035; x_wconf 89' lang='lat' dir='ltr'>sibi</span> <span class='ocrx_word' id='word_1_101' title='bbox 813 999 974 1048; x_wconf 89' lang='lat' dir='ltr'>quisque</span> <span class='ocrx_word' id='word_1_102' title='bbox 1011 1012 1081 1047; x_wconf 91' lang='lat' dir='ltr'>pro</span> <span class='ocrx_word' id='word_1_103' title='bbox 1117 998 1289 1035; x_wconf 87' lang='lat' dir='ltr'>moribus</span> 
     </span>
     <span class='ocr_line' id='line_1_15' title="bbox 109 1062 1290 1110; baseline -0.003 -11"><span class='ocrx_word' id='word_1_104' title='bbox 109 1063 339 1109; x_wconf 76' lang='lat' dir='ltr'>consulunt,</span> <span class='ocrx_word' id='word_1_105' title='bbox 367 1063 434 1098; x_wconf 88' lang='lat' dir='ltr'>alii</span> <span class='ocrx_word' id='word_1_106' title='bbox 462 1062 607 1110; x_wconf 81' lang='lat' dir='ltr'>fugere,</span> <span class='ocrx_word' id='word_1_107' title='bbox 627 1063 695 1098; x_wconf 89' lang='lat' dir='ltr'>alii</span> <span class='ocrx_word' id='word_1_108' title='bbox 723 1075 830 1098; x_wconf 89' lang='lat' dir='ltr'>arma</span> <span class='ocrx_word' id='word_1_109' title='bbox 856 1074 990 1110; x_wconf 80' lang='lat' dir='ltr'>capere</span> <span class='ocrx_word' id='word_1_110' title='bbox 1005 1075 1013 1108; x_wconf 89' lang='lat'><em>3</em></span> <span class='ocrx_word' id='word_1_111' title='bbox 1042 1074 1182 1110; x_wconf 82' lang='lat' dir='ltr'>magna</span> <span class='ocrx_word' id='word_1_112' title='bbox 1200 1074 1290 1110; x_wconf 83' lang='lat' dir='ltr'>pars</span> 
     </span>
     <span class='ocr_line' id='line_1_16' title="bbox 108 1125 1289 1172; baseline -0.003 -8"><span class='ocrx_word' id='word_1_113' title='bbox 108 1127 314 1172; x_wconf 85' lang='lat' dir='ltr'>vulnerati,</span> <span class='ocrx_word' id='word_1_114' title='bbox 343 1131 412 1163; x_wconf 87' lang='lat' dir='ltr'>aut</span> <span class='ocrx_word' id='word_1_115' title='bbox 437 1127 559 1163; x_wconf 87' lang='lat' dir='ltr'>occisi.</span> <span class='ocrx_word' id='word_1_116' title='bbox 620 1126 801 1163; x_wconf 84' lang='lat' dir='ltr'>Ceterum</span> <span class='ocrx_word' id='word_1_117' title='bbox 830 1139 879 1162; x_wconf 82' lang='lat' dir='ltr'>ex</span> <span class='ocrx_word' id='word_1_118' title='bbox 904 1126 1009 1162; x_wconf 89' lang='lat' dir='ltr'>omni</span> <span class='ocrx_word' id='word_1_119' title='bbox 1036 1125 1289 1161; x_wconf 89' lang='lat' dir='ltr'>multitudine</span> 
     </span>
     <span class='ocr_line' id='line_1_17' title="bbox 107 1187 1290 1238; baseline -0.003 -12"><span class='ocrx_word' id='word_1_120' title='bbox 107 1203 185 1226; x_wconf 89' lang='lat' dir='ltr'>non</span> <span class='ocrx_word' id='word_1_121' title='bbox 213 1190 378 1238; x_wconf 87' lang='lat' dir='ltr'>amplius</span> <span class='ocrx_word' id='word_1_122' title='bbox 410 1189 668 1238; x_wconf 83' lang='lat' dir='ltr'>quadraginta</span> <span class='ocrx_word' id='word_1_123' title='bbox 699 1201 886 1225; x_wconf 86' lang='lat' dir='ltr'>memores</span> <span class='ocrx_word' id='word_1_124' title='bbox 918 1188 1086 1224; x_wconf 88' lang='lat' dir='ltr'>nominis</span> <span class='ocrx_word' id='word_1_125' title='bbox 1119 1187 1290 1224; x_wconf 86' lang='lat' dir='ltr'>Romani</span> 
     </span>
     <span class='ocr_line' id='line_1_18' title="bbox 107 1251 1288 1302; baseline -0.001 -13"><span class='ocrx_word' id='word_1_126' title='bbox 107 1266 220 1302; x_wconf 77' lang='lat' dir='ltr'>grege</span> <span class='ocrx_word' id='word_1_127' title='bbox 247 1253 351 1289; x_wconf 82' lang='lat' dir='ltr'>facto</span> <span class='ocrx_word' id='word_1_128' title='bbox 378 1253 504 1289; x_wconf 90' lang='lat' dir='ltr'>locum</span> <span class='ocrx_word' id='word_1_129' title='bbox 532 1265 664 1301; x_wconf 85' lang='lat' dir='ltr'>cepere</span> <span class='ocrx_word' id='word_1_130' title='bbox 689 1253 819 1301; x_wconf 89' lang='lat' dir='ltr'>paullo</span> <span class='ocrx_word' id='word_1_131' title='bbox 839 1265 954 1301; x_wconf 86' lang='lat' dir='ltr'>quam</span> <span class='ocrx_word' id='word_1_132' title='bbox 973 1252 1041 1288; x_wconf 87' lang='lat' dir='ltr'>alii</span> <span class='ocrx_word' id='word_1_133' title='bbox 1060 1251 1261 1288; x_wconf 89' lang='lat' dir='ltr'>editiorem</span> <span class='ocrx_word' id='word_1_134' title='bbox 1280 1265 1288 1288; x_wconf 71' lang='grc' dir='ltr'>ε</span> 
     </span>
     <span class='ocr_line' id='line_1_19' title="bbox 107 1316 1291 1367; baseline -0.002 -13"><span class='ocrx_word' id='word_1_135' title='bbox 107 1331 230 1367; x_wconf 89' lang='lat' dir='ltr'>neque</span> <span class='ocrx_word' id='word_1_136' title='bbox 273 1318 363 1354; x_wconf 89' lang='lat' dir='ltr'>inde</span> <span class='ocrx_word' id='word_1_137' title='bbox 399 1319 570 1354; x_wconf 75' lang='lat' dir='ltr'>maxima</span> <span class='ocrx_word' id='word_1_138' title='bbox 602 1318 642 1354; x_wconf 89' lang='lat' dir='ltr'>vi</span> <span class='ocrx_word' id='word_1_139' title='bbox 671 1318 813 1366; x_wconf 78' lang='lat' dir='ltr'>depelli</span> <span class='ocrx_word' id='word_1_140' title='bbox 848 1317 1070 1366; x_wconf 82' lang='lat' dir='ltr'>quiverunt,</span> <span class='ocrx_word' id='word_1_141' title='bbox 1108 1316 1175 1352; x_wconf 87' lang='lat' dir='ltr'>sed</span> <span class='ocrx_word' id='word_1_142' title='bbox 1211 1316 1291 1352; x_wconf 89' lang='lat' dir='ltr'>tela</span> 
     </span>
     <span class='ocr_line' id='line_1_20' title="bbox 108 1379 1289 1430; baseline -0.002 -13"><span class='ocrx_word' id='word_1_143' title='bbox 108 1383 257 1417; x_wconf 80' lang='lat' dir='ltr'>eminus</span> <span class='ocrx_word' id='word_1_144' title='bbox 276 1382 393 1417; x_wconf 84' lang='lat' dir='ltr'>missa</span> <span class='ocrx_word' id='word_1_145' title='bbox 411 1381 620 1427; x_wconf 88' lang='lat' dir='ltr'>remittere,</span> <span class='ocrx_word' id='word_1_146' title='bbox 641 1381 754 1430; x_wconf 86' lang='lat' dir='ltr'>pauci</span> <span class='ocrx_word' id='word_1_147' title='bbox 779 1381 821 1417; x_wconf 82' lang='lat' dir='ltr'>in</span> <span class='ocrx_word' id='word_1_148' title='bbox 842 1381 1019 1429; x_wconf 89' lang='lat' dir='ltr'>pluribus</span> <span class='ocrx_word' id='word_1_149' title='bbox 1041 1380 1170 1416; x_wconf 87' lang='lat' dir='ltr'>minus</span> <span class='ocrx_word' id='word_1_150' title='bbox 1192 1379 1289 1415; x_wconf 83' lang='lat' dir='ltr'>frus-</span> 
     </span>
     <span class='ocr_line' id='line_1_21' title="bbox 108 1444 1290 1493; baseline -0.002 -12"><span class='ocrx_word' id='word_1_151' title='bbox 108 1446 203 1481; x_wconf 85' lang='lat' dir='ltr'>trati</span> <span class='ocrx_word' id='word_1_152' title='bbox 215 1458 226 1492; x_wconf 84' lang='lat'><em>3</em></span> <span class='ocrx_word' id='word_1_153' title='bbox 256 1445 316 1481; x_wconf 86' lang='lat' dir='ltr'>sin</span> <span class='ocrx_word' id='word_1_154' title='bbox 331 1445 527 1481; x_wconf 81' lang='lat' dir='ltr'>Numidae</span> <span class='ocrx_word' id='word_1_155' title='bbox 546 1445 704 1493; x_wconf 87' lang='lat' dir='ltr'>propius</span> <span class='ocrx_word' id='word_1_156' title='bbox 719 1445 978 1490; x_wconf 87' lang='lat' dir='ltr'>accessissent,</span> <span class='ocrx_word' id='word_1_157' title='bbox 994 1444 1049 1480; x_wconf 90' lang='lat' dir='ltr'>ibi</span> <span class='ocrx_word' id='word_1_158' title='bbox 1063 1457 1154 1480; x_wconf 85' lang='lat' dir='ltr'>Vero</span> <span class='ocrx_word' id='word_1_159' title='bbox 1169 1444 1290 1479; x_wconf 83' lang='lat' dir='ltr'>virtu-</span> 
     </span>
     <span class='ocr_line' id='line_1_22' title="bbox 108 1507 1289 1556; baseline -0.001 -12"><span class='ocrx_word' id='word_1_160' title='bbox 108 1514 186 1545; x_wconf 89' lang='lat' dir='ltr'>tem</span> <span class='ocrx_word' id='word_1_161' title='bbox 206 1508 406 1544; x_wconf 72' lang='lat' dir='ltr'>ostendere</span> <span class='ocrx_word' id='word_1_162' title='bbox 426 1512 466 1544; x_wconf 90' lang='lat' dir='ltr'>et</span> <span class='ocrx_word' id='word_1_163' title='bbox 484 1520 547 1544; x_wconf 89' lang='lat' dir='ltr'>eos</span> <span class='ocrx_word' id='word_1_164' title='bbox 559 1507 730 1543; x_wconf 80' lang='lat' dir='ltr'>maxima</span> <span class='ocrx_word' id='word_1_165' title='bbox 749 1507 789 1543; x_wconf 90' lang='lat' dir='ltr'>vi</span> <span class='ocrx_word' id='word_1_166' title='bbox 808 1507 977 1553; x_wconf 84' lang='lat' dir='ltr'>caedere,</span> <span class='ocrx_word' id='word_1_167' title='bbox 994 1507 1156 1544; x_wconf 79' lang='lat' dir='ltr'>fundere</span> <span class='ocrx_word' id='word_1_168' title='bbox 1172 1511 1289 1556; x_wconf 89' lang='lat' dir='ltr'>atque</span> 
     </span>
     <span class='ocr_line' id='line_1_23' title="bbox 107 1571 1288 1620; baseline -0.001 -12"><span class='ocrx_word' id='word_1_169' title='bbox 107 1572 251 1620; x_wconf 80' lang='lat' dir='ltr'>fugare.</span> <span class='ocrx_word' id='word_1_170' title='bbox 295 1572 460 1608; x_wconf 88' lang='lat' dir='ltr'>Interim</span> <span class='ocrx_word' id='word_1_171' title='bbox 474 1571 670 1617; x_wconf 86' lang='lat' dir='ltr'>Metellus,</span> <span class='ocrx_word' id='word_1_172' title='bbox 684 1584 803 1620; x_wconf 88' lang='lat' dir='ltr'>quum</span> <span class='ocrx_word' id='word_1_173' title='bbox 824 1571 1007 1607; x_wconf 83' lang='lat' dir='ltr'>acerrime</span> <span class='ocrx_word' id='word_1_174' title='bbox 1026 1584 1108 1608; x_wconf 89' lang='lat' dir='ltr'>rem</span> <span class='ocrx_word' id='word_1_175' title='bbox 1126 1575 1288 1620; x_wconf 84' lang='lat' dir='ltr'>gereret,</span> 
     </span>
     <span class='ocr_line' id='line_1_24' title="bbox 108 1635 1289 1684; baseline 0 -13"><span class='ocrx_word' id='word_1_176' title='bbox 108 1636 312 1671; x_wconf 88' lang='lat' dir='ltr'>clamorem</span> <span class='ocrx_word' id='word_1_177' title='bbox 331 1635 510 1671; x_wconf 89' lang='lat' dir='ltr'>hostilem</span> <span class='ocrx_word' id='word_1_178' title='bbox 536 1635 584 1671; x_wconf 89' lang='lat' dir='ltr'>ab</span> <span class='ocrx_word' id='word_1_179' title='bbox 608 1639 715 1683; x_wconf 82' lang='lat' dir='ltr'>tergo</span> <span class='ocrx_word' id='word_1_180' title='bbox 741 1635 890 1684; x_wconf 88' lang='lat' dir='ltr'>accepit</span> <span class='ocrx_word' id='word_1_181' title='bbox 901 1649 912 1682; x_wconf 90' lang='lat'><em>3</em></span> <span class='ocrx_word' id='word_1_182' title='bbox 941 1635 1079 1671; x_wconf 88' lang='lat' dir='ltr'>deinde</span> <span class='ocrx_word' id='word_1_183' title='bbox 1105 1648 1289 1672; x_wconf 81' lang='lat' dir='ltr'>converso</span> 
     </span>
     <span class='ocr_line' id='line_1_25' title="bbox 107 1698 1289 1748; baseline 0.001 -14"><span class='ocrx_word' id='word_1_184' title='bbox 107 1711 205 1747; x_wconf 89' lang='lat' dir='ltr'>equo</span> <span class='ocrx_word' id='word_1_185' title='bbox 224 1698 502 1734; x_wconf 80' lang='lat' dir='ltr'>animadvertit</span> <span class='ocrx_word' id='word_1_186' title='bbox 520 1698 652 1746; x_wconf 77' lang='lat' dir='ltr'>fugam</span> <span class='ocrx_word' id='word_1_187' title='bbox 672 1698 721 1734; x_wconf 92' lang='lat' dir='ltr'>ad</span> <span class='ocrx_word' id='word_1_188' title='bbox 741 1711 780 1735; x_wconf 85' lang='lat' dir='ltr'>se</span> <span class='ocrx_word' id='word_1_189' title='bbox 800 1711 954 1735; x_wconf 82' lang='lat' dir='ltr'>versum</span> <span class='ocrx_word' id='word_1_190' title='bbox 974 1699 1058 1735; x_wconf 87' lang='lat' dir='ltr'>fieri</span> <span class='ocrx_word' id='word_1_191' title='bbox 1072 1712 1083 1746; x_wconf 90' lang='lat'><em>3</em></span> <span class='ocrx_word' id='word_1_192' title='bbox 1111 1712 1209 1748; x_wconf 89' lang='lat' dir='ltr'>quae</span> <span class='ocrx_word' id='word_1_193' title='bbox 1229 1712 1289 1735; x_wconf 89' lang='lat' dir='ltr'>res</span> 
     </span>
     <span class='ocr_line' id='line_1_26' title="bbox 107 1762 1290 1811; baseline 0.002 -14"><span class='ocrx_word' id='word_1_194' title='bbox 107 1762 307 1798; x_wconf 84' lang='lat' dir='ltr'>indicabat</span> <span class='ocrx_word' id='word_1_195' title='bbox 324 1762 528 1810; x_wconf 80' lang='lat' dir='ltr'>populares</span> <span class='ocrx_word' id='word_1_196' title='bbox 540 1775 630 1798; x_wconf 88' lang='lat' dir='ltr'>esse.</span> <span class='ocrx_word' id='word_1_197' title='bbox 689 1762 819 1811; x_wconf 82' lang='lat' dir='ltr'>Igitur</span> <span class='ocrx_word' id='word_1_198' title='bbox 831 1763 1049 1811; x_wconf 88' lang='lat' dir='ltr'>equitatum</span> <span class='ocrx_word' id='word_1_199' title='bbox 1068 1776 1221 1800; x_wconf 88' lang='lat' dir='ltr'>omnem</span> <span class='ocrx_word' id='word_1_200' title='bbox 1240 1763 1290 1800; x_wconf 84' lang='lat' dir='ltr'>ad</span> 
     </span>
     <span class='ocr_line' id='line_1_27' title="bbox 108 1824 1290 1872; baseline 0.002 -12"><span class='ocrx_word' id='word_1_201' title='bbox 108 1828 234 1860; x_wconf 85' lang='lat' dir='ltr'>castra</span> <span class='ocrx_word' id='word_1_202' title='bbox 252 1837 413 1872; x_wconf 87' lang='lat' dir='ltr'>propere</span> <span class='ocrx_word' id='word_1_203' title='bbox 432 1824 567 1870; x_wconf 89' lang='lat' dir='ltr'>mittit,</span> <span class='ocrx_word' id='word_1_204' title='bbox 581 1837 625 1860; x_wconf 83' lang='lat' dir='ltr'>ac</span> <span class='ocrx_word' id='word_1_205' title='bbox 643 1825 777 1861; x_wconf 80' lang='lat' dir='ltr'>statim</span> <span class='ocrx_word' id='word_1_206' title='bbox 798 1824 837 1861; x_wconf 85' lang='lat' dir='ltr'>O.</span> <span class='ocrx_word' id='word_1_207' title='bbox 861 1824 1034 1861; x_wconf 88' lang='lat' dir='ltr'>Marium</span> <span class='ocrx_word' id='word_1_208' title='bbox 1054 1838 1141 1861; x_wconf 90' lang='lat' dir='ltr'>cum</span> <span class='ocrx_word' id='word_1_209' title='bbox 1161 1825 1290 1862; x_wconf 86' lang='lat' dir='ltr'>cohor-</span> 
     </span>
     <span class='ocr_line' id='line_1_28' title="bbox 107 1888 1289 1937; baseline 0.001 -14"><span class='ocrx_word' id='word_1_210' title='bbox 107 1888 214 1924; x_wconf 86' lang='lat' dir='ltr'>tibus</span> <span class='ocrx_word' id='word_1_211' title='bbox 246 1888 435 1924; x_wconf 84' lang='lat' dir='ltr'>sociorum</span> <span class='ocrx_word' id='word_1_212' title='bbox 450 1901 460 1934; x_wconf 87' lang='lat'><em>3</em></span> <span class='ocrx_word' id='word_1_213' title='bbox 502 1901 678 1936; x_wconf 89' lang='lat' dir='ltr'>eumque,</span> <span class='ocrx_word' id='word_1_214' title='bbox 716 1888 934 1934; x_wconf 87' lang='lat' dir='ltr'>lacrimans,</span> <span class='ocrx_word' id='word_1_215' title='bbox 972 1901 1042 1937; x_wconf 89' lang='lat' dir='ltr'>per</span> <span class='ocrx_word' id='word_1_216' title='bbox 1078 1889 1289 1925; x_wconf 87' lang='lat' dir='ltr'>amicitiam</span> 
     </span>
     <span class='ocr_line' id='line_1_29' title="bbox 106 1952 1289 2000; baseline 0.002 -14"><span class='ocrx_word' id='word_1_217' title='bbox 106 1964 251 2000; x_wconf 88' lang='lat' dir='ltr'>perque</span> <span class='ocrx_word' id='word_1_218' title='bbox 278 1952 555 2000; x_wconf 84' lang='lat' dir='ltr'>rempublicam</span> <span class='ocrx_word' id='word_1_219' title='bbox 583 1953 769 1998; x_wconf 86' lang='lat' dir='ltr'>obsecrat,</span> <span class='ocrx_word' id='word_1_220' title='bbox 798 1965 847 1988; x_wconf 90' lang='lat' dir='ltr'>ne</span> <span class='ocrx_word' id='word_1_221' title='bbox 872 1965 988 2000; x_wconf 87' lang='lat' dir='ltr'>quam</span> <span class='ocrx_word' id='word_1_222' title='bbox 1016 1953 1289 1989; x_wconf 88' lang='lat' dir='ltr'>contumeliam</span> 
     </span>
     <span class='ocr_line' id='line_1_30' title="bbox 107 2016 1290 2062; baseline 0.003 -11"><span class='ocrx_word' id='word_1_223' title='bbox 107 2028 306 2052; x_wconf 87' lang='lat' dir='ltr'>remanere</span> <span class='ocrx_word' id='word_1_224' title='bbox 325 2016 367 2051; x_wconf 87' lang='lat' dir='ltr'>in</span> <span class='ocrx_word' id='word_1_225' title='bbox 386 2016 560 2052; x_wconf 82' lang='lat' dir='ltr'>exercitu</span> <span class='ocrx_word' id='word_1_226' title='bbox 579 2016 737 2062; x_wconf 87' lang='lat' dir='ltr'>victore,</span> <span class='ocrx_word' id='word_1_227' title='bbox 754 2029 851 2053; x_wconf 86' lang='lat' dir='ltr'>neve</span> <span class='ocrx_word' id='word_1_228' title='bbox 871 2016 999 2053; x_wconf 87' lang='lat' dir='ltr'>hostes</span> <span class='ocrx_word' id='word_1_229' title='bbox 1018 2017 1165 2053; x_wconf 88' lang='lat' dir='ltr'>inultos</span> <span class='ocrx_word' id='word_1_230' title='bbox 1184 2017 1290 2055; x_wconf 89' lang='lat' dir='ltr'>abire</span> 
     </span>
     <span class='ocr_line' id='line_1_31' title="bbox 107 2079 1331 2129; baseline 0.002 -15"><span class='ocrx_word' id='word_1_231' title='bbox 107 2079 212 2115; x_wconf 87' lang='lat' dir='ltr'>sinat</span> <span class='ocrx_word' id='word_1_232' title='bbox 228 2093 236 2115; x_wconf 88' lang='lat'>:</span> <span class='ocrx_word' id='word_1_233' title='bbox 264 2079 330 2115; x_wconf 89' lang='lat' dir='ltr'>ille</span> <span class='ocrx_word' id='word_1_234' title='bbox 350 2079 460 2115; x_wconf 75' lang='lat' dir='ltr'>brevi</span> <span class='ocrx_word' id='word_1_235' title='bbox 478 2079 663 2115; x_wconf 83' lang='lat' dir='ltr'>mandata</span> <span class='ocrx_word' id='word_1_236' title='bbox 687 2080 812 2116; x_wconf 88' lang='lat' dir='ltr'>efficit.</span> <span class='ocrx_word' id='word_1_237' title='bbox 871 2080 932 2116; x_wconf 91' lang='lat' dir='ltr'>At</span> <span class='ocrx_word' id='word_1_238' title='bbox 949 2080 975 2117; x_wconf 84' lang='lat' dir='ltr'><strong>J</strong></span> <span class='ocrx_word' id='word_1_239' title='bbox 980 2081 1149 2129; x_wconf 85' lang='lat' dir='ltr'>ugurtha</span> <span class='ocrx_word' id='word_1_240' title='bbox 1166 2082 1290 2117; x_wconf 86' lang='lat' dir='ltr'>muni·</span> <span class='ocrx_word' id='word_1_241' title='bbox 1329 2111 1331 2113; x_wconf 79' lang='lat'>.</span> 
     </span>
     <span class='ocr_line' id='line_1_32' title="bbox 96 2142 1288 2193; baseline 0.001 -14"><span class='ocrx_word' id='word_1_242' title='bbox 96 2146 239 2187; x_wconf 29' lang='lat' dir='ltr'>*mento</span> <span class='ocrx_word' id='word_1_243' title='bbox 267 2146 480 2178; x_wconf 87' lang='lat' dir='ltr'>castrorum</span> <span class='ocrx_word' id='word_1_244' title='bbox 510 2142 732 2191; x_wconf 87' lang='lat' dir='ltr'>impeditus,</span> <span class='ocrx_word' id='word_1_245' title='bbox 757 2155 876 2191; x_wconf 90' lang='lat' dir='ltr'>quum</span> <span class='ocrx_word' id='word_1_246' title='bbox 904 2143 972 2179; x_wconf 85' lang='lat' dir='ltr'>alii</span> <span class='ocrx_word' id='word_1_247' title='bbox 998 2156 1114 2193; x_wconf 85' lang='lat' dir='ltr'>super</span> <span class='ocrx_word' id='word_1_248' title='bbox 1143 2145 1288 2180; x_wconf 86' lang='lat' dir='ltr'>vallum</span> 
     </span>
     <span class='ocr_line' id='line_1_33' title="bbox 108 2205 1290 2256; baseline 0.003 -15"><span class='ocrx_word' id='word_1_249' title='bbox 108 2205 471 2254; x_wconf 88' lang='lat' dir='ltr'>praecipitarentur,</span> <span class='ocrx_word' id='word_1_250' title='bbox 492 2205 559 2242; x_wconf 86' lang='lat' dir='ltr'>alii</span> <span class='ocrx_word' id='word_1_251' title='bbox 578 2206 619 2241; x_wconf 85' lang='lat' dir='ltr'>in</span> <span class='ocrx_word' id='word_1_252' title='bbox 639 2206 829 2254; x_wconf 83' lang='lat' dir='ltr'>angustiis</span> <span class='ocrx_word' id='word_1_253' title='bbox 853 2206 928 2256; x_wconf 87' lang='lat' dir='ltr'>ipsi</span> <span class='ocrx_word' id='word_1_254' title='bbox 947 2207 1021 2243; x_wconf 86' lang='lat' dir='ltr'>sibi</span> <span class='ocrx_word' id='word_1_255' title='bbox 1038 2211 1290 2256; x_wconf 86' lang='lat' dir='ltr'>properantes</span> 
     </span>
    </p>

    <p class='ocr_par' dir='ltr' id='par_1_4' title="bbox 212 2272 1183 2307">
     <span class='ocr_line' id='line_1_34' title="bbox 212 2272 1183 2307; baseline 0.002 -2"><span class='ocrx_word' id='word_1_256' title='bbox 212 2280 295 2305; x_wconf 72' lang='lat' dir='ltr'><em>JUG.</em></span> <span class='ocrx_word' id='word_1_257' title='bbox 1160 2272 1183 2307; x_wconf 75' lang='lat'>4</span> 
     </span>
    </p>
   </div>
  </div>
 </body>
</html>
