1543 2449
1303 99 1326 136 C(

412 98 545 135 SALL
554 97 706 135 USTIJ
739 97 846 134 JUG
856 96 1050 134 CBTHA.

154 185 196 221 in
222 184 356 233 primis
382 184 509 229 ferire,
537 184 747 233 plurimum
775 183 911 228 facere,
940 183 1143 220 minimum
1172 185 1253 233 ipse
1281 185 1328 222 de

154 261 194 285 se
213 248 327 296 loqui.
384 247 534 291 Quibus
558 248 672 284 rebus
697 248 863 296 Micipsa
887 246 1042 283 tametsi
1066 247 1178 284 initio
1203 249 1328 285 laetus

153 312 293 357 fuerat,
331 311 557 347 existimans
600 312 786 348 virtutem
831 311 1051 359 Jugurthae
1093 324 1212 360 regno
1259 324 1327 348 suo

151 376 295 424 gloriae
314 375 407 421 fore,
427 380 568 421 tamen,
588 380 791 424 postquam
816 375 1009 412 hominem
1033 375 1325 422 adolescentem,

137 444 290 487 ‘exacta
325 452 394 476 sua
425 444 552 475 aetate
585 444 624 475 et
655 440 784 488 parvis
816 439 946 475 liberis
978 439 1099 487 magis
1129 440 1326 488 magisque

152 515 320 539 crescere
338 503 534 552 intelligit,
551 503 797 540 vehementer
815 503 968 551 negotio
987 506 1183 552 permotus
1202 504 1326 540 multa

151 579 240 602 eum
259 567 387 603 animo
410 580 478 603 suo
497 568 687 605 volvebat.
745 567 929 603 Terrebat
953 579 1041 602 eum
1066 571 1207 603 natura
1230 579 1326 603 mor-

152 629 289 665 talium
313 630 429 666 avida
454 630 606 678 imperii
631 634 670 666 et
691 643 871 678 praeceps
891 629 939 665 ad
959 629 1188 677 explendam
1207 630 1327 666 animi

151 694 383 742 cupidinem,
412 699 610 743 praeterea
637 695 905 743 opportunitas
932 707 1099 742 suaeque
1127 699 1167 730 et
1193 695 1327 731 libero-

150 769 237 793 rum
265 758 415 803 aetatis,
442 771 539 806 quae
566 758 684 794 etiam
711 758 920 794 mediocres
944 758 1047 794 viros
1072 771 1138 806 spe
1161 758 1326 807 praedae

150 824 389 857 transversos
416 822 518 869 agit,
551 821 600 857 ad
627 821 710 866 hoo,
740 821 869 857 studia
897 821 1157 858 Numidarum
1187 822 1229 858 in
1255 822 1283 859 J
1287 836 1325 858 u-

149 885 330 932 gurtham
361 898 542 932 accensa,
579 898 628 921 ex
664 886 814 934 quibus,
848 885 880 921 si
911 886 1028 921 talem
1065 886 1192 922 virum
1228 887 1325 923 dolis

149 949 416 995 interfecisset,
436 962 484 985 ne
503 962 578 998 qua
596 949 734 985 seditio
752 953 822 985 aut
839 950 983 985 bellum
1003 950 1168 986 oriretur
1186 951 1326 987 anxius

147 1018 241 1050 erat.

230 1076 326 1113 VII.
384 1077 461 1113 His
489 1077 782 1113 difficultatibus
810 1078 1097 1114 circumventus
1125 1079 1193 1115 ubi
1216 1079 1323 1116 videt

148 1154 271 1190 neque
289 1154 358 1190 per
376 1141 455 1177 vim
481 1154 605 1190 neque
627 1141 778 1177 insidiis
803 1141 969 1190 opprimi
993 1154 1104 1190 posse
1129 1142 1323 1180 hominem

147 1209 228 1240 tam
252 1208 452 1253 acceptum
477 1205 738 1253 popularibus,
759 1205 861 1253 quod
886 1208 970 1241 erat
987 1204 1186 1253 Jugurtha
1204 1219 1322 1243 manu

146 1270 348 1315 promptus
366 1270 406 1302 et
424 1265 608 1314 adpetens
626 1266 769 1314 gloriae
787 1266 978 1311 militaris,
996 1266 1136 1302 statuit
1154 1279 1242 1303 eum
1261 1269 1323 1304 ob-

141 1330 288 1377 jectare
306 1329 487 1378 periculis
505 1334 545 1366 et
562 1342 606 1366 eo
625 1330 738 1366 modo
757 1330 954 1366 fortunam
977 1334 1138 1368 tentare.
1196 1332 1325 1381 Igitur

148 1393 248 1429 bello
273 1393 516 1430 Numantino
539 1393 706 1442 Micipsa
725 1407 843 1442 quum
863 1394 1005 1443 populo
1025 1394 1202 1432 Romano
1221 1399 1323 1446 equi-

146 1463 231 1495 tum
259 1463 377 1507 atque
405 1459 580 1508 peditum
608 1460 755 1496 auxilia
782 1460 966 1506 mitteret,
993 1473 1151 1509 sperans
1177 1462 1241 1499 vel
1268 1476 1323 1499 os-

146 1523 333 1559 tentando
370 1523 555 1560 virtutem
593 1524 654 1559 vel
689 1524 858 1560 hostium
895 1525 1058 1561 saevitia
1089 1525 1202 1562 facile
1234 1539 1321 1562 eum

143 1599 380 1632 occasurum,
400 1587 586 1636 praefecit
603 1587 787 1624 Numidis
805 1600 899 1636 quos
917 1588 958 1623 in
978 1588 1210 1636 Hispaniam
1236 1590 1320 1625 mit-

145 1653 262 1689 tebat.
320 1652 395 1689 Sed
421 1665 468 1688 ea
492 1665 553 1688 res
577 1652 689 1701 longe
713 1653 837 1698 aliter,
861 1665 906 1688 ac
930 1656 1038 1688 ratus
1063 1657 1157 1699 erat,
1178 1655 1316 1691 evenit.

146 1716 249 1753 Nam
275 1717 304 1753 J
308 1717 484 1765 ugurtha,
514 1720 560 1753 ut
586 1721 670 1769 erat
700 1717 864 1766 impigro
895 1721 1011 1765 atque
1042 1718 1122 1753 acri
1152 1718 1318 1766 ingenio,

146 1780 213 1816 ubi
230 1784 409 1816 naturam
429 1780 470 1817 P.
493 1780 694 1829 Scipionis,
713 1781 780 1829 qui
798 1785 882 1816 tum
902 1781 1089 1817 Romanis
1111 1782 1319 1831 imperator

144 1847 239 1889 erat,
267 1847 308 1879 et
334 1856 477 1879 morem
504 1843 674 1880 hostium
701 1844 892 1893 cognovit,
916 1845 1039 1880 multo
1067 1845 1196 1882 labore
1223 1848 1317 1883 mul-

143 1909 260 1954 taque
287 1918 390 1951 eura,
413 1910 612 1954 praeterea
637 1906 916 1943 modestissime
942 1907 1112 1955 parendo
1139 1912 1180 1944 et
1206 1921 1317 1958 saepe

143 1970 297 2006 obviam
318 1970 446 2006 eundo
469 1970 650 2019 perieulis
671 1970 713 2006 in
737 1974 887 2006 tantam
913 1970 1183 2008 claritudinem
1208 1973 1317 2010 brevi

143 2037 382 2082 pervenerat,
405 2036 451 2069 ut
476 2033 618 2069 nostris
643 2033 891 2070 vehementer
915 2046 1037 2080 carus,
1060 2034 1316 2074 Numantinis

143 2097 311 2133 maximo
328 2097 466 2134 terrori
484 2101 593 2134 esset.
650 2096 712 2133 Ac
731 2110 833 2143 sane,
854 2097 956 2146 quod
980 2097 1248 2136 difficillimum
1274 2101 1315 2137 in

140 2161 275 2210 primis
300 2165 369 2207 est,
389 2165 429 2198 et
453 2161 598 2210 praelio
616 2164 796 2197 strenuus
819 2165 902 2197 erat
927 2165 966 2197 et
990 2162 1113 2199 bonus
1133 2163 1290 2200 consilio
1303 2180 1313 2212 ;
