1543 2449
211 100 261 137 84
477 97 613 137 SALL
623 97 778 136 USTIJ
810 98 1120 137 JUGURTHA.

209 184 276 221 illo
296 188 336 222 et
360 185 447 221 aliis
472 183 712 232 temporibus
733 182 967 231 Jugurthini
991 183 1084 220 belli
1108 182 1255 232 pudore
1273 183 1395 232 magis

209 262 325 297 quam
345 248 447 285 malo
466 247 681 284 exercitum
707 247 908 283 coercebat
919 261 929 294 3
958 247 1061 296 quod
1085 248 1202 284 multi
1226 261 1296 297 per
1319 261 1396 284 am-

209 315 396 350 bitionem
416 313 499 349 fieri
519 313 687 358 aiebant,
705 325 806 361 pars,
823 312 926 361 quod
945 325 968 348 a
986 313 1155 361 pueritia
1173 317 1396 349 consuetam

209 377 395 413 duritiam
415 380 456 412 et
473 376 561 421 alia,
582 388 680 425 quae
699 375 818 412 ceteri
836 375 1010 412 miserias
1028 380 1181 423 vocant,
1201 377 1397 426 voluptati

210 443 431 479 habuisset:
465 441 541 477 nisi
569 445 701 478 tamen
728 454 789 478 res
816 441 983 490 publica,
1012 442 1158 491 pariter
1185 456 1229 479 ac
1258 443 1397 479 saevis-

210 505 308 540 simo
327 503 501 552 imperio,
521 503 619 539 bene
639 507 756 552 atque
775 503 911 539 decore
929 507 1045 552 gesta.

293 569 356 606 OI.
416 568 546 617 Igitur
583 572 722 616 quarto
759 568 925 616 denique
962 568 1024 604 die
1060 568 1166 604 haud
1202 568 1314 617 longe
1347 569 1396 605 ab

212 632 354 681 oppido
380 631 490 669 Cirta
514 631 686 680 undique
715 631 831 667 simul
856 631 1115 680 speculatores
1141 631 1208 667 citi
1236 645 1317 668 sese
1343 645 1398 668 os-

211 694 392 740 tendunt,
413 707 489 743 qua
517 707 558 730 re
586 694 716 730 hostes
744 694 876 730 adesse
903 694 1145 742 intelligitur.
1206 694 1281 731 Sed
1306 695 1397 744 quia

210 760 355 797 diversi
387 760 606 806 redeuntes,
640 759 739 795 alius
776 759 825 795 ab
863 759 940 795 alia
975 763 1086 808 parte
1117 762 1234 807 atque
1266 771 1398 795 omnes

211 826 314 862 idem
357 825 639 874 significabant,
679 824 813 860 consul
854 824 1037 870 incertus,
1077 837 1244 873 quonam
1284 824 1399 860 modo

213 890 334 926 aciem
363 889 586 934 instrueret,
615 888 724 924 nullo
752 888 886 925 ordine
915 891 1163 933 commutato,
1193 887 1396 924 adversum

210 956 341 992 omnia
359 958 518 1004 paratus
537 952 680 989 ibidem
701 952 909 1001 opperitur.
969 951 1034 988 Ita
1053 951 1081 988 J
1084 951 1291 1000 ugurtham
1311 965 1397 1001 spes

213 1019 414 1064 frustrata,
445 1017 513 1067 qui
543 1017 671 1066 copias
700 1017 742 1052 in
771 1020 939 1065 quatuor
970 1020 1101 1065 partes
1133 1016 1396 1061 distribuerat,

210 1087 320 1120 ratus
338 1095 387 1119 ex
407 1081 585 1118 omnibus
605 1093 725 1128 aeque
744 1080 893 1129 aliquos
913 1081 961 1116 ab
980 1084 1090 1129 tergo
1114 1080 1290 1117 hostibus
1309 1094 1398 1117 ven-

210 1151 328 1182 turos.
379 1144 545 1181 Interim
565 1143 685 1188 Sulla,
699 1156 812 1191 quem
831 1144 1000 1192 primum
1023 1144 1153 1180 hostes
1173 1145 1396 1193 attigerant,

211 1208 434 1245 cohortatus
460 1219 560 1252 suos,
581 1206 783 1242 turmatim
810 1210 850 1242 et
874 1219 991 1256 quam
1015 1207 1184 1244 maxime
1211 1199 1395 1245 confertis

214 1273 323 1321 equis
356 1272 437 1320 ipse
470 1271 613 1319 aliique
646 1270 807 1306 Mauros
843 1270 1049 1316 invadunt,
1084 1271 1201 1307 ceteri
1237 1272 1279 1307 in
1315 1272 1398 1308 loco

213 1340 415 1373 manentes
440 1336 488 1371 ab
509 1334 650 1383 jaculis
676 1334 827 1370 eminus
846 1334 994 1371 emissis
1014 1347 1174 1383 corpora
1198 1339 1338 1383 tegere,
1359 1339 1399 1371 et

211 1401 244 1437 si
270 1400 337 1449 qui
363 1400 405 1435 in
429 1411 568 1435 manus
587 1402 777 1434 venerant
795 1398 1037 1434 obtruncare.
1096 1398 1202 1434 Dum
1222 1410 1266 1434 eo
1285 1397 1398 1434 modo

213 1465 363 1513 equites
385 1463 637 1512 proeliantur,
660 1462 836 1498 Bocchus
862 1475 949 1498 cum
974 1462 1182 1511 peditibus,
1207 1475 1301 1511 quos
1321 1462 1399 1499 Vo-

212 1529 283 1564 lux
310 1528 414 1564 filius
442 1527 524 1575 ejus
553 1526 782 1571 adduxerat,
811 1539 936 1575 neque
963 1526 1005 1562 in
1033 1526 1159 1575 priore
1186 1539 1327 1575 pugna,
1356 1527 1399 1563 in

210 1591 350 1627 itinere
395 1590 548 1635 morati,
595 1590 799 1634 affuerant,
847 1593 1080 1638 postremam
1132 1589 1397 1625 Romanorum

211 1656 333 1691 aciem
365 1654 568 1690 invadunt.
627 1653 726 1689 Tum
757 1653 909 1689 Marius
939 1653 1042 1702 apud
1072 1653 1217 1702 primos
1246 1654 1396 1702 agebat,

211 1720 314 1768 quod
334 1719 388 1755 ibi
408 1719 434 1755 J
439 1718 608 1767 ugurtha
627 1730 713 1753 cum
733 1718 912 1766 plurimis
931 1721 1023 1754 erat.
1083 1717 1187 1754 Dein
1210 1717 1396 1763 Numida,

212 1784 365 1831 cognito
395 1782 539 1819 Bocchi
567 1781 751 1827 adventu,
773 1781 872 1817 clam
898 1794 984 1817 cum
1013 1782 1147 1830 paucis
1172 1782 1221 1818 ad
1248 1783 1397 1831 pedites

212 1848 428 1894 convertit,
456 1847 511 1882 ibi
531 1846 672 1882 Latine
693 1845 798 1891 (nam
819 1845 922 1894 apud
943 1846 1199 1882 Numantiam
1219 1847 1325 1896 loqui
1344 1847 1398 1884 di-

212 1912 374 1962 dicerat)
404 1912 618 1947 exclamat:
650 1913 837 1946 “nostros
865 1910 1012 1946 frustra
1039 1923 1233 1959 pugnare,
1266 1912 1397 1960 paullo

213 1983 303 2015 ante
323 1977 494 2013 Marium
515 1988 584 2011 sua
603 1987 722 2010 manu
747 1973 997 2010 interfectum
1013 1988 1022 2021 3
1036 1974 1054 1990 ’²

1083 1975 1198 2011 simul
1223 1975 1396 2023 gladium

213 2042 399 2089 sanguine
425 2040 589 2076 oblitum
615 2038 828 2084 ostendere,
849 2051 962 2086 quem
988 2039 1030 2074 in
1055 2051 1185 2087 pugna
1210 2038 1304 2075 satis
1329 2039 1397 2075 im-

212 2108 320 2157 pigre
352 2105 476 2142 occiso
510 2104 641 2153 pedite
673 2108 805 2140 nostro
839 2107 1119 2140 cruentaverat.
1179 2104 1291 2148 Quod
1328 2105 1396 2142 ubi

214 2172 356 2209 milites
375 2182 565 2218 accepere,
587 2169 708 2217 magis
728 2169 932 2205 atrocitate
951 2169 1007 2206 rei
1030 2182 1144 2218 quam
1164 2169 1239 2207 fide
1262 2171 1396 2207 nuncii
