1543 2449
400 97 694 136 SALLUSTII
727 98 832 136 JUG
843 97 1039 135 UBTHA.
1265 98 1310 136 17

138 185 263 233 longa,
282 183 454 220 incurvis
481 183 668 219 lateribus
694 186 809 229 tecta,
836 182 946 231 quasi
973 182 1132 218 navium
1161 182 1313 219 carinae

138 252 238 285 sunt.
298 247 407 284 Medi
425 251 555 284 autem
576 251 615 283 et
634 247 815 283 Armenii
833 259 1024 283 accessere
1044 245 1186 294 Libyes
1208 245 1313 296 (nam

137 313 178 348 hi
200 312 358 361 propius
382 324 487 348 mare
510 311 692 347 Africum
720 312 932 359 agitabant,
959 309 1116 347 Gaetuli
1142 310 1213 346 sub
1236 311 1314 346 sole

136 376 268 424 magis,
289 375 393 412 haud
411 375 545 423 procul
564 375 613 411 ab
632 373 848 424 ardoribus)
869 374 985 422 hique
1003 378 1154 410 mature
1173 374 1314 422 oppida

137 440 325 476 habuere:
363 452 453 475 nam
481 438 582 475 freto
619 438 735 474 divisi
761 439 810 474 ab
840 437 1034 486 Hispania
1070 440 1221 472 mutare
1253 450 1313 473 res

126 498 239 538 'inter
257 514 296 537 se
315 501 575 537 instituerant.
634 500 789 537 Nomen
803 512 934 536 eorum
949 499 1154 548 paullatim
1170 498 1312 547 Libyes

137 578 352 614 corrupere,
380 565 545 601 barbara
571 565 705 613 lingua
732 564 893 600 Mauros
920 576 989 612 pro
1027 563 1156 599 Medis
1184 564 1312 611 appel-

137 630 270 666 lantes.
331 630 407 666 Sed
436 643 497 666 res
517 630 723 666 Persarum
750 629 860 665 brevi
886 629 1057 665 adolevit
1070 642 1079 675 3
1109 641 1152 664 ac
1180 632 1313 677 postea

136 695 291 731 nomine
310 694 516 739 Numidae,
536 698 694 743 propter
717 693 1009 729 multitudinem
1037 706 1060 729 a
1087 693 1313 746 parentibus

136 757 308 805 digressi,
329 757 530 805 possedere
550 770 594 793 ea
613 757 707 802 loca,
728 769 825 804 quae
844 756 1018 804 proxime
1039 755 1312 804 Carthaginem

137 821 326 857 Numidia
353 821 578 869 appellatur.
638 820 741 856 Dein
769 820 936 868 utrique,
956 820 1088 856 alteris
1107 820 1210 865 freti,
1231 820 1314 855 fini-

137 885 252 921 timos
279 886 396 921 armis
423 889 492 920 aut
519 888 626 920 metu
654 885 725 920 sub
752 885 957 932 imperium
986 897 1152 933 coegere,
1173 897 1313 921 nomen

135 950 373 998 gloriamque
400 950 476 986 sibi
503 949 684 985 addidere
698 963 707 995 3
736 949 858 997 magis
886 949 928 985 hi
960 949 1027 997 qui
1056 949 1105 985 ad
1136 954 1312 985 nostrum

137 1025 241 1048 mare
259 1017 545 1061 processerant:
576 1013 666 1061 quia
685 1013 838 1061 Libyes,
860 1025 975 1061 quam
995 1013 1163 1058 Gaetuli,
1184 1013 1313 1049 minus

137 1078 316 1113 bellicosi.
375 1077 553 1126 Denique
572 1077 732 1114 Africae
759 1091 848 1126 pars
876 1077 1037 1113 inferior
1063 1077 1245 1126 pleraque
1265 1079 1313 1113 ab

136 1140 319 1176 Numidis
337 1153 510 1189 possessa
528 1144 586 1176 est
599 1153 609 1186 3
637 1140 733 1176 victi
752 1153 882 1177 omnes
910 1140 951 1176 in
978 1144 1131 1189 gentem
1160 1153 1314 1177 nomen-

135 1217 208 1253 que
227 1204 500 1252 imperantium
521 1217 747 1241 concessere.

213 1266 332 1303 XIX.
374 1267 515 1303 Postea
529 1267 752 1313 Phoenices,
768 1267 836 1303 alii
850 1267 1115 1304 multitudinis
1127 1268 1231 1304 domi
1246 1268 1313 1303 mi-

134 1329 311 1366 nuendae
329 1330 466 1378 gratia,
486 1343 576 1379 pars
594 1330 747 1379 imperii
776 1331 956 1379 cupidine
975 1331 1183 1367 sollicitata
1202 1332 1312 1380 plebe

134 1398 174 1429 et
193 1393 279 1429 aliis
306 1406 494 1429 novarum
523 1406 652 1429 rerum
680 1393 817 1438 avidis,
837 1393 1074 1442 Hipponem,
1095 1393 1307 1430 Hadrume·

135 1464 231 1503 tum,
260 1458 427 1506 Leptim,
457 1458 628 1506 aliasque
656 1458 770 1494 urbes
798 1458 839 1494 in
867 1470 934 1494 ora
961 1458 1158 1494 maritima
1186 1458 1313 1494 condi-

134 1522 223 1557 dere
236 1535 246 1567 3
274 1521 422 1569 haeque
434 1521 543 1557 brevi
560 1521 727 1557 multum
742 1525 890 1566 auctae,
903 1534 992 1569 pars
1007 1521 1219 1569 originibus
1234 1521 1313 1557 suis

133 1586 335 1635 praesidio,
349 1587 446 1622 aliae
461 1586 589 1622 decori
603 1586 720 1623 fuere.
770 1586 874 1623 Nam
890 1586 937 1622 de
951 1586 1185 1635 Carthagine
1200 1586 1312 1622 silero

133 1651 270 1688 melius
297 1657 404 1700 puto,
425 1664 539 1700 quam
568 1665 705 1700 parum
734 1651 861 1688 dicere
874 1665 884 1698 3
914 1651 1095 1700 quoniam
1125 1651 1201 1687 alio
1229 1663 1313 1700 pro-

133 1728 266 1764 perare
298 1720 451 1764 tempus
482 1720 622 1752 monet.
682 1716 810 1765 Igitur
841 1716 890 1752 ad
920 1716 1215 1761 Catabathmon,
1246 1716 1312 1764 qui

133 1780 238 1815 locus
252 1779 477 1828 Aegyptum
497 1780 545 1815 ab
560 1779 699 1815 Africa
718 1780 870 1825 dividit,
884 1779 1052 1816 secundo
1071 1780 1169 1815 mari
1186 1780 1312 1828 prima

133 1843 282 1892 Cyrene
302 1848 371 1889 est,
393 1844 541 1880 colonia
560 1844 745 1889 Thereon,
765 1857 809 1880 ac
829 1844 1009 1893 deinceps
1037 1845 1136 1881 duae
1165 1845 1309 1894 Syrtes,

131 1908 309 1956 interque
328 1921 392 1945 eas
406 1908 540 1957 Leptis
553 1923 563 1955 3
591 1909 682 1945 dein
697 1909 911 1946 Philaenon
925 1923 1025 1955 arae,
1043 1923 1155 1959 quem
1170 1910 1308 1956 locum,

96 2022 101 2027 ¹
130 1973 356 2021 Aegyptum
394 1986 538 2019 versus,
568 1975 681 2010 finem
720 1975 873 2023 imperii
909 1975 1076 2012 habuere
1100 1976 1311 2024 'Carthagi-

130 2037 282 2074 nienses
296 2051 306 2084 3
333 2042 421 2086 post
439 2038 537 2073 aliae
556 2038 726 2074 Punicae
745 2039 868 2075 urbes.
928 2039 1065 2075 Cetera
1083 2039 1167 2076 loca
1188 2052 1309 2088 usque

130 2100 179 2136 ad
199 2101 486 2137 Mauretaniam
502 2100 697 2138 Numidae
713 2106 849 2139 tenent
856 2116 866 2149 3
886 2104 1060 2151 proxime
1074 2104 1308 2154 Hispaniam

131 2165 262 2205 Mauri
280 2171 372 2202 sunt
379 2180 389 2214 3
418 2179 534 2215 super
548 2166 776 2204 Numidiam
792 2167 978 2204 Gaetulos
997 2169 1214 2218 accepimus
1225 2181 1310 2218 par-

233 2241 318 2267 σω.
1179 2233 1200 2268 2
