1543 2449
439 105 573 143 SALL
583 106 735 144 USTJI
765 106 1065 143 JUGURTHA
1283 105 1332 141 43

167 191 328 227 millium
343 190 517 239 peditum
529 194 698 227 montem
713 194 885 238 occupat,
899 203 974 238 qua
989 189 1172 225 Metellus
1185 189 1336 226 descen—

166 253 276 290 derat
287 267 297 300 3
325 266 373 289 ne
392 253 491 289 forte
511 254 734 290 cedentibus
749 253 977 290 adversariis
996 253 1167 301 receptui
1186 265 1229 288 ac
1248 257 1336 301 post

165 318 403 354 munimento
416 318 517 353 foret
531 331 538 354 :
567 318 657 354 dein
668 322 835 366 repente,
850 317 957 365 signo
970 317 1072 362 dato,
1088 316 1216 352 hostes
1230 316 1334 352 inva-

165 381 232 417 dit.
272 381 466 417 Numidae
481 382 547 417 alii
562 386 772 430 postremos
792 381 958 427 caedere,
979 393 1067 429 pars
1083 394 1105 416 a
1120 381 1277 417 sinistra
1291 393 1334 416 ac

133 491 138 498 .
165 445 324 481 dextera
342 449 503 490 tentare,
523 446 665 481 infensi
684 446 814 482 adesse
839 449 954 494 atque
982 445 1137 491 instare,
1158 445 1335 481 omnibus

166 508 257 544 locis
277 508 539 544 Romanorum
568 509 720 545 ordines
748 510 976 545 conturbare
990 522 999 555 3
1027 521 1190 557 quorum
1218 509 1333 544 etiam

164 573 231 621 qui
249 573 480 609 firmioribus
499 573 637 609 animis
657 574 761 610 obvii
779 573 953 609 hostibus
973 573 1130 609 fuerant
1147 573 1335 609 ludificati

164 637 310 673 incerto
328 637 472 685 praelio
490 637 564 685 ipsi
591 637 703 673 modo
731 637 879 673 eminus
908 637 1192 683 sauciabantur,
1211 650 1334 686 neque

165 705 298 738 contra
333 702 497 738 feriendi
533 705 602 737 aut
639 714 795 737 manum
835 701 1059 737 conserendi
1095 701 1204 749 copia
1240 707 1330 738 erat.

165 765 296 801 Antea
327 765 408 813 jam
449 765 553 801 docti
588 765 637 800 ab
673 764 700 800 J
704 764 870 812 ugurtha
907 764 1066 812 equites,
1104 765 1334 813 ubicumque

166 828 428 864 Romanorum
456 829 571 863 turba
598 827 749 875 insequi
786 831 973 875 coeperat,
1003 840 1081 864 non
1117 828 1333 873 confertim,

164 900 286 941 neque
314 892 355 928 in
382 904 503 927 unum
531 904 610 927 sese
638 891 885 939 recipiebant,
907 891 972 926 sed
1001 891 1099 927 alius
1125 891 1200 927 alio
1220 905 1334 940 quam

164 957 329 993 maxime
363 956 513 992 diversi.
573 955 637 992 Ita
675 968 835 991 numero
876 956 1021 1004 priores
1059 956 1091 992 si
1128 958 1176 993 ab
1213 970 1335 1006 perse-

163 1019 314 1068 quendo
325 1020 453 1055 hostes
468 1019 659 1054 deterrere
674 1018 940 1066 nequiverant,
957 1019 1136 1066 disjectos
1151 1020 1200 1055 ab
1215 1024 1334 1068 tergo,

162 1086 232 1118 aut
249 1082 433 1118 lateribus
453 1081 806 1117 circumveniebant
818 1095 828 1128 3
857 1081 917 1117 sin
942 1082 1194 1130 opportunior
1221 1082 1335 1130 fugae

162 1145 269 1181 collis
287 1157 402 1193 quam
421 1145 546 1193 campi
564 1144 731 1190 fuerant,
761 1157 806 1180 ea
825 1157 915 1180 vero
944 1145 1118 1181 consueti
1148 1145 1335 1181 Numida-

161 1221 247 1244 rum
266 1209 355 1257 equi
379 1209 491 1245 facile
519 1209 621 1244 inter
648 1208 819 1256 virgulta
846 1208 1008 1244 evadere
1022 1222 1031 1255 3
1060 1213 1211 1245 nostros
1232 1222 1335 1258 aspe-

161 1273 258 1309 ritas
277 1277 317 1309 et
334 1273 540 1309 insolentia
558 1273 632 1309 loci
650 1273 879 1309 retinebant.

240 1337 306 1373 LI.
365 1336 544 1374 Ceterum
572 1337 690 1373 facies
717 1337 837 1373 totius
865 1337 1010 1385 negotii
1035 1338 1153 1383 varia,
1174 1338 1333 1384 incerta,

160 1399 283 1445 foeda,
304 1404 420 1449 atque
447 1400 674 1436 miserabilis
687 1413 697 1446 3
725 1400 887 1449 dispersi
915 1414 938 1436 a
966 1401 1045 1437 suis
1071 1414 1160 1449 pars
1189 1402 1333 1448 cedere,

161 1463 228 1498 alii
258 1462 408 1510 insequi
420 1476 430 1508 3
469 1475 592 1510 neque
624 1462 733 1510 signa
764 1475 887 1511 neque
920 1463 1072 1500 ordines
1109 1465 1310 1501 observare
1324 1480 1333 1512 3

162 1529 228 1565 ubi
260 1542 447 1578 quemque
478 1529 691 1578 periculum
720 1534 884 1578 ceperat,
904 1530 959 1566 ibi
984 1531 1161 1567 resistere
1180 1545 1223 1568 ac
1251 1545 1333 1581 pro-

161 1593 335 1641 pulsare3
363 1605 480 1638 arma,
501 1593 590 1638 tela,
610 1593 710 1641 equi,
731 1593 817 1638 viri,
838 1593 979 1639 hostes,
1001 1594 1103 1630 cives
1122 1595 1307 1643 permixti
1321 1610 1331 1643 3

161 1653 258 1691 nihil
290 1656 447 1692 consilio
474 1668 597 1704 neque
625 1656 785 1704 imperio
810 1656 871 1704 agi
885 1669 895 1701 3
923 1656 1002 1692 fors
1034 1658 1163 1694 omnia
1190 1671 1328 1707 regere.

162 1720 300 1767 Itaque
315 1719 480 1755 multum
500 1719 577 1755 diei
595 1723 842 1767 processerat,
856 1733 975 1768 quum
991 1721 1107 1756 etiam
1123 1725 1206 1757 tum
1222 1735 1332 1759 even-

161 1791 223 1821 tus
242 1785 283 1820 in
301 1785 448 1820 incerto
467 1787 558 1820 erat.
617 1781 795 1832 Denique
818 1785 996 1821 omnibus
1015 1785 1144 1822 labore
1164 1790 1204 1822 et
1222 1792 1331 1823 aestu

160 1848 363 1896 languidis,
384 1847 578 1893 Metellus,
599 1848 666 1883 ubi
685 1848 793 1884 videt
812 1848 1004 1886 Numidas
1023 1849 1151 1886 minus
1174 1850 1329 1897 instare,

159 1911 360 1959 paullatim
373 1911 515 1947 milites
527 1911 568 1946 in
583 1924 702 1946 unum
719 1911 910 1956 conducit,
925 1912 1077 1948 ordines
1092 1913 1275 1959 restituit,
1292 1919 1331 1950 et

159 1975 332 2011 cohortes
351 1975 578 2023 legionarias
597 1979 763 2023 quatuor
781 1975 985 2011 adversum
1000 1976 1148 2024 pedites
1160 1977 1328 2014 hostium

159 2039 326 2075 collocat.
385 2039 530 2075 Eorum
549 2052 688 2087 magna
706 2052 794 2087 pars
822 2041 1082 2088 superioribus
1108 2041 1201 2078 locis
1229 2043 1330 2080 fessa

158 2102 388 2138 consederat.
447 2102 571 2138 Simul
598 2115 717 2148 orare,
737 2103 884 2139 hortari
912 2104 1065 2150 milites,
1097 2109 1179 2143 “ne
1198 2107 1329 2145 defice—

157 2169 254 2211 rent,
283 2177 359 2201 neu
386 2169 613 2214 paterentur
639 2165 768 2202 hostes
789 2166 982 2215 fugientes
1001 2169 1153 2206 vincere
1167 2184 1177 2217 3
1206 2184 1328 2220 neque
