1543 2449
179 74 228 110 90
453 76 748 115 SALLUSTJI
783 77 888 114 JUG
898 77 1092 115 URTJJA.

178 159 380 206 Volucem,
402 162 583 210 quoniam
609 161 766 198 hostilia
790 161 947 208 faceret,
973 162 1002 199 J
1004 175 1114 199 ovem
1140 162 1360 199 Maximum

177 223 406 270 obtestatus,
438 229 483 260 ut
519 225 673 261 sceleris
705 229 821 273 atque
857 225 1041 274 perfidiae
1073 226 1218 263 Bocchi
1249 226 1360 263 testis

178 287 340 334 adesset,
362 301 410 324 ex
437 289 572 324 castris
598 289 704 325 abire
725 289 847 337 jubet.
907 289 981 325 Ille
1005 289 1211 326 lacrimans
1238 303 1359 336 orare,

180 356 263 388 “ne
289 365 335 389 ea
359 352 556 389 crederet:
585 353 684 389 nihil
709 353 797 390 dolo
822 353 982 399 factum,
1003 367 1047 390 ac
1071 355 1193 403 magis
1218 355 1362 391 callidi-

178 419 260 452 tate
296 415 530 464 Jugurthae,
562 417 636 463 cui,
667 417 851 453 videlicet
883 418 1111 466 speculanti,
1142 419 1217 454 iter
1248 431 1360 455 suum

181 480 377 528 cognitum
408 485 516 517 esset.
577 477 770 527 Ceterum,
801 482 984 531 quoniam
1012 495 1137 531 neque
1165 483 1361 531 ingentem

179 545 472 581 multitudinem
498 545 669 592 haberet,
695 550 735 582 et
760 559 845 595 spes
871 559 1038 595 opesque
1066 546 1149 594 ejus
1177 559 1227 582 ex
1252 551 1362 595 patre

180 622 249 645 suo
281 609 507 658 penderent,
539 611 704 656 credere,
739 612 849 647 illum
882 611 982 647 nihil
1008 611 1136 660 palam
1165 624 1362 657 ausurum,

180 686 299 721 quum
319 673 401 722 ipse
420 674 523 710 filius
543 675 654 711 testis
673 675 842 712 adesset:
870 688 988 724 quare
1007 675 1197 724 optimum
1216 674 1363 710 factum

181 737 316 783 videri,
336 750 406 786 per
424 738 551 775 media
570 739 652 787 ejus
672 743 799 775 castra
817 740 945 788 palam
971 739 1159 776 transire:
1189 752 1283 785 sese,
1303 739 1365 775 vel

181 803 401 850 praemissis
437 803 496 839 vel
536 803 680 840 ibidem
717 805 863 841 relictis
909 804 1073 850 Mauris,
1111 804 1235 840 solum
1279 816 1365 840 cum

182 867 291 903 Sulla
309 867 492 904 iturum.”
547 868 606 905 Ea
624 881 697 914 res,
718 873 764 904 ut
782 869 823 904 in
843 869 913 904 tali
932 869 1099 917 negotio,
1119 868 1283 917 probata
1290 881 1300 914 3
1323 880 1367 903 ac

182 930 315 966 statim
334 930 511 978 profecti,
526 931 617 979 quia
636 931 683 967 de
702 931 911 980 improviso
930 931 1162 977 acciderant,
1177 931 1294 967 dubio
1314 935 1369 967 at—

182 1007 256 1042 que
271 994 488 1031 haesitante
504 995 531 1032 J
534 995 714 1044 ugurtha,
728 995 940 1032 incolumes
959 999 1174 1032 transeunt.
1216 995 1368 1032 Deinde

182 1060 315 1109 paucis
335 1060 482 1106 diebus,
503 1073 579 1109 quo
599 1061 654 1097 ire
673 1061 934 1107 intenderant,
955 1065 1196 1110 perventum.

264 1123 419 1160 CVIII.
479 1124 543 1160 lbi
562 1137 649 1160 cum
670 1125 823 1161 Boccho
849 1124 1024 1161 Numida
1048 1124 1218 1173 quidam,
1239 1123 1370 1173 Aspar

183 1188 351 1234 nomine,
371 1188 539 1224 multum
567 1193 607 1225 et
625 1189 872 1225 familiariter
897 1189 1048 1237 agebat,
1069 1188 1302 1237 praemissus
1321 1184 1389 1224 ab‘

184 1252 212 1289 J
215 1253 394 1301 ugurtha,
415 1257 620 1302 postquam
647 1253 795 1290 Sullam
821 1254 987 1289 accitum
1014 1253 1202 1298 audierat,
1228 1256 1369 1298 orator,

185 1321 226 1353 et
268 1317 428 1353 subdole
472 1317 713 1366 speculatum
756 1317 901 1354 Bocchi
944 1317 1126 1363 consilia3
1172 1320 1372 1366 praeterea

186 1381 331 1428 Dabar,
361 1381 640 1430 Massugradae
668 1382 783 1428 filius,
814 1395 863 1418 ex
895 1386 1010 1431 gente
1043 1382 1287 1427 Masinissae,
1317 1394 1372 1418 ce-

186 1451 313 1482 terum
339 1450 515 1483 materno
540 1459 679 1495 genere
705 1447 831 1496 impar
852 1446 957 1498 (nam
983 1451 1095 1497 pater
1118 1447 1200 1496 ejus
1220 1460 1269 1483 ex
1288 1460 1374 1483 con-

187 1510 329 1547 cubina
366 1514 474 1547 ortus
511 1510 624 1561 erat),
663 1511 805 1547 Mauro
842 1512 891 1548 ob
927 1512 1075 1560 ingenii
1111 1511 1236 1548 multa
1272 1511 1373 1546 bona

188 1588 299 1611 carus
314 1580 590 1625 acceptusque,
610 1589 723 1625 quem
740 1576 927 1623 Bocchus,
943 1577 1064 1613 fidum
1084 1590 1165 1614 esse
1185 1576 1373 1613 Romanis

188 1639 323 1675 inultis
347 1644 463 1676 antea
488 1641 786 1689 tempestatibus
811 1645 1006 1689 expertus,
1027 1641 1131 1677 illico
1151 1640 1199 1677 ad
1226 1640 1373 1676 Sullam

188 1703 417 1739 nunciatum
436 1704 572 1749 mittit,
595 1707 809 1753 “paratum
830 1717 910 1741 sese
930 1704 1068 1750 faeere,
1089 1717 1186 1753 quae
1209 1703 1375 1752 populus

190 1767 392 1804 Romanus
417 1768 556 1805 vellet:
587 1769 777 1818 colloquio
803 1769 917 1815 diem,
944 1769 1083 1815 locum,
1103 1773 1269 1818 tempus,
1294 1768 1374 1817 ipse

190 1833 392 1881 deligeret:
413 1834 590 1870 consulta
609 1847 689 1870 sese
709 1835 839 1871 omnia
853 1847 940 1870 cum
960 1835 1027 1870 illo
1046 1834 1198 1883 integra
1216 1833 1374 1870 habere:

190 1909 266 1933 neu
298 1898 326 1934 J
329 1898 520 1945 ugurthae
551 1898 722 1947 legatum
758 1899 1048 1947 pertimesceret
1079 1911 1155 1947 quo
1186 1910 1247 1934 res
1279 1910 1376 1934 com-

190 1962 319 1997 munis
339 1962 519 1999 licentius
538 1967 737 2011 gereretur
750 1976 760 2010 3
788 1976 879 1999 nam
902 1963 951 1999 ab
977 1963 1128 1999 insidiis
1154 1963 1237 2011 ejus
1263 1962 1377 1999 aliter

192 2027 320 2062 caveri
338 2027 566 2076 nequivisse.
574 2027 592 2043 ’³
631 2027 706 2064 Sed
726 2041 795 2077 ego
811 2028 1024 2077 comperior
1039 2027 1236 2064 Bocchum
1254 2027 1377 2075 magis

192 2090 342 2127 Punica
361 2091 447 2136 fide,
469 2104 584 2140 quam
611 2092 659 2128 ob
685 2104 730 2128 ea
755 2105 853 2141 quae
878 2092 1139 2141 praedicabat,
1160 2091 1275 2128 simul
1301 2090 1378 2127 Ro-

193 2167 326 2191 manos
355 2159 394 2191 et
422 2155 635 2193 Numidam
666 2169 732 2205 spe
758 2157 863 2205 pacis
889 2156 1106 2196 attinuisse,
1133 2156 1377 2204 multumque
