1543 2449
233 124 280 161 26
503 125 638 163 SALL
648 125 801 163 USTJJ
834 125 937 162 JUG
947 125 1142 162 URTJJA.

309 210 469 247 XXXI.
531 210 697 246 “Multa
732 223 793 246 me
826 210 1083 247 dehortantur
1112 224 1135 246 a
1166 209 1286 255 vobis,
1321 209 1411 253 Qui-

229 274 334 320 rites,
371 275 413 311 ni
450 275 623 312 studium
660 275 894 323 reipublicae
931 275 1060 311 omnia
1097 278 1251 323 superet
1265 287 1274 320 3
1321 286 1411 322 opes

229 338 421 385 factionis,
455 344 586 375 vestra
623 338 825 387 patientia,
855 339 921 387 jus
957 339 1120 385 nullum,
1154 351 1198 375 ac
1229 337 1409 382 maxime,

228 403 330 451 quod
367 403 611 439 innocentiae
648 404 735 452 plus
772 403 935 452 periculi
977 416 1093 452 quam
1138 403 1294 440 honoris
1339 406 1406 438 est.

228 467 332 502 Nam
369 467 437 503 illa
473 466 629 515 quidem
659 467 766 515 piget
795 467 934 512 dicere,
965 467 1026 503 his
1055 467 1167 503 annis
1197 478 1260 513 xv,
1294 478 1410 514 quam

227 531 396 568 ludibrio
432 531 587 567 fueritis
625 532 827 580 superbiae
859 545 1097 581 paucorum3
1138 545 1253 580 quam
1286 532 1409 577 foede,

227 609 420 645 quamque
447 596 566 632 inulti
593 597 781 645 perierint
809 597 931 633 vestri
953 597 1174 633 defensores
1189 610 1199 643 3
1228 601 1274 633 ut
1301 597 1411 633 vobis

226 660 379 696 animus
408 660 457 696 ab
489 659 646 708 ignavia
673 670 790 709 atque
819 660 991 697 secordia
1019 664 1224 709 corruptus
1252 660 1314 706 sit,
1344 660 1411 709 qui

226 736 274 759 ne
302 736 407 759 nunc
435 723 603 772 quidem,
624 724 802 761 obnoxiis
832 724 1012 770 inimicis,
1042 724 1264 772 exsurgitis,
1293 728 1410 773 atque

226 787 343 823 etiam
363 800 467 823 nunc
488 788 634 824 timetis
654 801 729 834 eos,
750 789 891 838 quibus
910 789 1021 826 decet
1040 789 1180 825 terrori
1199 801 1289 825 esse.
1336 788 1411 825 Sed

226 864 459 900 quamquam
479 851 573 888 haec
592 852 688 888 talia
707 856 810 898 sunt,
831 856 963 889 tamen
982 853 1136 889 obviam
1155 852 1211 889 ire
1230 852 1411 889 factionis

226 915 423 962 potentiae
449 915 602 952 animus
628 916 796 964 subigit:
826 920 929 953 certe
956 929 1024 965 ego
1053 917 1286 962 libertatem,
1313 929 1411 965 quae

226 977 320 1013 mihi
341 984 364 1014 a
382 983 542 1027 parente
562 980 708 1016 tradita
727 984 797 1026 est,
814 980 1013 1029 experiar:
1042 993 1177 1016 verum
1193 980 1233 1016 id
1251 980 1410 1026 frustra,

226 1055 276 1078 an
307 1043 355 1078 ob
385 1055 466 1079 rem
500 1043 653 1089 faciam,
685 1044 726 1080 in
755 1048 886 1080 vestra
918 1057 1037 1081 manu
1065 1045 1195 1090 situm,
1226 1044 1407 1088 Quirites.

228 1106 366 1155 Neque
386 1119 455 1155 ego
474 1107 619 1153 hortor,
634 1108 736 1156 quod
757 1121 869 1157 saepe
888 1109 1051 1156 majores
1066 1109 1187 1145 vestri
1199 1108 1335 1154 fecere,
1351 1107 1412 1144 uti

227 1174 362 1206 contra
381 1171 544 1219 injurias
564 1172 705 1208 armati
724 1172 830 1208 eatis.
889 1172 1003 1209 Nihil
1014 1172 1066 1218 vi,
1082 1172 1180 1208 nihil
1200 1172 1411 1227 secessione

228 1248 322 1283 opus
337 1238 396 1271 est
411 1249 418 1271 :
439 1248 592 1271 necesse
607 1239 666 1272 est
678 1240 828 1272 suomet
848 1236 922 1285 ipsi
942 1249 1047 1272 more
1060 1236 1291 1285 praecipites
1306 1240 1406 1272 eant.

228 1299 363 1335 Occiso
382 1299 536 1335 Tiberio
556 1299 743 1346 Graccho,
763 1313 878 1349 quem
903 1313 1065 1349 regnum
1085 1313 1222 1349 parare
1241 1300 1409 1345 aiebant,

226 1363 267 1399 in
294 1363 445 1412 plebem
476 1363 693 1399 Romanam
723 1364 968 1412 quaestiones
995 1363 1152 1400 habitae
1181 1368 1294 1401 sunt:
1323 1368 1411 1413 post

227 1427 266 1464 C.
300 1427 466 1464 Gracchi
494 1431 534 1464 et
562 1427 616 1464 M.
649 1428 782 1464 Fulvii
810 1428 964 1465 caedem
992 1428 1087 1465 item
1116 1428 1238 1465 vestri
1265 1429 1412 1465 ordinis

226 1491 342 1527 multi
360 1491 543 1527 mortales
562 1491 604 1527 in
624 1504 774 1528 carcere
786 1492 915 1528 necati
930 1496 1022 1529 sunt
1037 1505 1044 1529 :
1073 1492 1276 1541 utriusque
1291 1492 1411 1528 cladis

227 1569 305 1593 non
332 1557 408 1603 lex,
429 1570 563 1593 verum
592 1557 726 1593 lubido
754 1570 887 1593 eorum
915 1557 1030 1594 finem
1054 1557 1156 1594 fecit.
1217 1556 1291 1593 Sed
1319 1569 1411 1593 sano

226 1621 347 1656 fuerit
378 1621 487 1669 regni
519 1621 670 1670 paratio
703 1621 808 1670 plebi
845 1634 915 1658 sua
951 1621 1178 1658 restituere:
1221 1620 1410 1670 quidquid

227 1685 309 1720 sine
329 1685 516 1733 sanguine
537 1685 680 1721 civium
701 1685 834 1722 ulcisci
860 1686 1055 1734 nequitur,
1071 1686 1160 1734 jure
1180 1684 1326 1721 factum
1347 1685 1406 1721 sit.

228 1749 498 1797 Superioribus
523 1750 636 1786 annis
658 1749 770 1785 taciti
798 1749 1106 1798 indignabamini
1129 1748 1319 1785 aerarium
1348 1761 1411 1784 ex—

227 1813 363 1861 pilari;
391 1825 499 1861 reges
527 1817 567 1849 et
594 1813 756 1862 populos
785 1813 925 1850 liberos
953 1813 1087 1862 paucis
1109 1812 1305 1849 nobilibus
1327 1824 1411 1848 vec-

227 1877 322 1925 tigal
349 1877 516 1926 pendere
530 1891 539 1924 3
568 1890 686 1926 penes
714 1878 866 1914 eosdem
895 1882 935 1914 et
962 1890 1152 1914 summam
1177 1876 1351 1925 gloriam,
1372 1879 1411 1912 et

227 1941 416 1977 maximas
435 1941 594 1977 divitias
613 1954 716 1978 esse:
746 1945 879 1978 tamen
904 1942 999 1978 haec
1024 1941 1120 1978 talia
1145 1941 1319 1979 facinora
1344 1943 1411 1978 im-

226 2017 330 2054 pune
367 2006 578 2054 suscepisse
614 2019 753 2055 parum
796 2006 991 2042 habuere:
1038 2006 1172 2054 itaque
1217 2009 1410 2054 postremo

226 2070 340 2118 leges,
369 2070 550 2117 majestas
577 2074 720 2116 vestra,
741 2070 876 2107 divina
903 2074 943 2107 et
970 2071 1142 2107 humana
1170 2070 1300 2107 omnia
1326 2070 1410 2107 hos-

226 2134 332 2171 tibus
358 2134 505 2170 tradita
532 2138 632 2171 sunt.
692 2135 831 2184 Neque
856 2148 920 2172 eos
933 2149 943 2182 ;
971 2136 1038 2184 qui
1064 2148 1109 2172 ea
1133 2135 1269 2181 fecere,
1289 2135 1411 2184 pudet

227 2202 298 2235 aut
322 2197 496 2247 poenitet
508 2211 518 2245 3
547 2198 613 2235 sed
641 2199 828 2236 incedunt
855 2212 924 2249 per
949 2212 1017 2236 ora
1041 2203 1172 2236 vestra
1193 2199 1408 2249 magnifice,
